3225 5017
322 301 371 349 114
623 299 687 370 (lap.
705 299 765 354 VH.
784 299 914 356 Civitates
933 308 961 356 et
974 302 1022 371 jus
1041 304 1212 373 municipale.

318 491 487 572 fertonem3
518 495 595 560 item
618 495 657 559 de
680 505 778 576 parvo
800 495 981 561 molendino
1002 497 1152 578 lotonem,
1183 499 1288 580 ipsum
1310 498 1353 563 ad
1375 498 1504 579 amplius

319 596 495 664 subsidium
516 598 694 664 nullatenus
718 600 952 683 compellentes.
1072 634 1074 639 ·

332 767 334 772 ,
421 719 451 786 5.
475 721 714 788 Itemvolumus
730 725 762 787 et
783 723 1006 805 promittimus,
1029 727 1066 788 ut
1083 742 1233 805 praesens
1248 728 1374 790 moneta
1391 728 1456 788 tam
1477 724 1505 787 iu

317 825 437 906 grossis
467 845 562 909 quam
590 827 624 893 in
652 829 759 910 parvis
782 828 921 894 denariis
942 818 985 893 in‘
1006 846 1064 894 suo
1087 829 1194 895 valore
1215 829 1332 896 debeat
1354 831 1505 912 perpetuo

318 947 506 996 conservam.
992 954 998 966 ·

421 1055 449 1119 6.
473 1054 552 1143 Item
575 1055 729 1138 volumus,
752 1059 788 1120 ut
810 1055 990 1138 quicunque
1009 1054 1128 1120 ducens
1150 1054 1322 1136 argentum
1338 1053 1378 1120 de
1400 1053 1507 1117 Monte

316 1155 441 1238 Outtna,
468 1156 495 1222 s'i
517 1157 599 1224 infra
620 1178 716 1224 unum
738 1159 861 1225 miliare
883 1161 944 1226 sibi
974 1163 1139 1242 argentum
1161 1176 1218 1241 per
1249 1159 1432 1224 urburarios
1455 1158 1506 1222 uel

317 1262 484 1342 magistros
499 1268 646 1328 monetae
659 1267 822 1347 receptum
837 1263 942 1345 fuerit,
966 1262 1081 1330 extunc
1097 1282 1154 1347 pro
1171 1263 1315 1347 qualibet
1328 1281 1435 1328 maroa
1451 1263 1507 1327 sibi

315 1371 443 1449 recepta
466 1369 673 1452 quadraginta
696 1368 758 1434 duo
780 1371 884 1450 grossi
905 1370 1027 1436 denarii
1049 1369 1258 1444 restituantur
1275 1353 1380 1432 eidem
1398 1367 1506 1431 eodem

315 1473 458 1554 termino,
483 1475 621 1557 quesibi
640 1479 804 1556 argentum
822 1479 985 1561 receptum
1000 1493 1071 1540 esse
1091 1474 1266 1539 dinoscitur
1280 1475 1506 1555 praenotatum.

317 1575 350 1641 si
365 1596 440 1642 vero
454 1578 539 1643 idem
561 1579 679 1643 ducens
702 1583 867 1660 argentum
890 1580 974 1644 ultra
996 1597 1093 1642 unum
1114 1579 1238 1644 miliare
1259 1577 1379 1642 adicto
1401 1575 1507 1639 Monte

317 1680 433 1747 Outtna
465 1684 596 1764 venerit,
627 1688 741 1750 extunc
770 1684 875 1749 nullus
905 1683 1000 1750 debet
1029 1683 1060 1749 ei
1088 1684 1232 1765 recipere
1261 1685 1428 1764 argentum
1459 1681 1506 1744 vel

316 1787 420 1869 ipsum
443 1788 475 1852 in
497 1788 603 1869 aliquo
627 1789 821 1855 conturbare.

421 1911 448 1974 7.
473 1908 553 1976 Item
575 1912 730 1992 volumus,
761 1916 797 1988 111
826 1913 913 1977 ciues
943 1916 1134 1976 mercatores
1157 1914 1191 1975 11
1210 1908 1354 1997 hospites
1375 1925 1507 1988 regnum

315 2006 465 2080 Boemiae
487 2016 640 2084 intrantes
664 2018 714 2081 vel
737 2021 888 2082 exeuntes
911 2017 1011 2082 libere
1033 2020 1066 2081 et
1084 2034 1195 2080 secure
1210 2015 1377 2096 argentum
1392 2011 1508 2077 ducere

315 2119 451 2184 debeant
480 2123 512 2185 et
541 2124 676 2202 portare,
711 2122 836 2187 cautela
865 2119 1074 2204 hujusmodi)
1107 2119 1251 2185 adhxbita
1283 2121 1316 2182 et
1348 2135 1507 2199 expressa,

315 2223 398 2307 quod
426 2225 453 2288 si
477 2224 571 2291 dictis
594 2225 715 2291 civibus
737 2224 966 2290 mercatoribus
988 2224 1040 2288 vel
1061 2222 1240 2304 hospitibus
1264 2220 1304 2285 de
1326 2220 1398 2285 aliis
1413 2220 1507 2285 terris

314 2325 364 2394 vel
399 2328 580 2394 civitatibus
611 2331 694 2395 circa
710 2329 866 2394 'Mortem
896 2327 1045 2394 Cuttnam
1074 2326 1312 2392 transeuntibus
1342 2328 1508 2406 argentum

314 2436 455 2517 ipsorum
474 2453 531 2516 per
545 2434 724 2517 praedictos
739 2434 923 2500 nrburarios
936 2434 987 2498 vel
1002 2432 1170 2513 magistros
1185 2433 1330 2495 monetae
1344 2432 1508 2510 receptum

313 2539 419 2620 fuerit,
443 2539 470 2604 si
493 2538 578 2603 idem
601 2539 686 2605 cives
709 2542 901 2603 mercatores
916 2538 966 2602 vel
982 2537 1125 2619 hospites
1140 2534 1320 2600 testimonio
1338 2533 1508 2615 proborum

314 2645 453 2709 virorum
482 2643 649 2708 ostendere
678 2646 829 2726 poterunt
860 2647 892 2708 et
920 2642 1063 2725 probare,
1095 2640 1179 2722 quod
1201 2641 1366 2720 argentum
1388 2637 1439 2702 eis
1461 2656 1507 2700 re-

315 2753 442 2832 ceptum
472 2748 512 2814 de
542 2749 613 2814 aliis
644 2749 738 2813 terris
768 2747 822 2812 nel
852 2746 1034 2812 civitatibus
1064 2763 1172 2810 secum
1194 2742 1341 2808 duxerint
1363 2741 1413 2806 vel
1438 2759 1508 2823 por-

313 2854 458 2934 taverint,
482 2857 597 2918 extunc
614 2853 662 2918 eis
679 2852 756 2917 dicti
772 2852 931 2918 urburarii
953 2851 1004 2916 vel
1019 2849 1163 2930 magistri
1178 2851 1323 2926 monetae
1341 2850 1507 2928 argentum

314 2957 482 3022 restituere
504 2957 572 3021 sine
595 2953 781 3022 difficultate
806 2954 949 3038 qualibet
969 2956 1145 3019 teneantur.
1339 2947 1343 2953 ’

417 3087 445 3151 8.
469 3086 638 3152 Ρ11111111
660 3086 754 3152 dictis
777 3087 900 3152 civibus
924 3085 1071 3150 duximus
1093 3080 1275 3167 hujusmodi
1299 3081 1441 3162 graciam
1464 3079 1506 3144 f-

315 3191 466 3271 ciendam,
489 3195 525 3255 ut
547 3190 668 3256 nobiles
692 3195 724 3254 et
745 3193 922 3272 terrigenas
943 3193 1048 3257 tenue
1070 3208 1127 3273 pro
1150 3187 1266 3253 debitis
1281 3186 1361 3272 ipsis
1384 3185 1506 3250 civibus

312 3313 374 3360 non
397 3295 519 3376 solutis,
550 3314 607 3379 per
638 3295 845 3366 camerarium
875 3296 943 3362 sive
971 3295 1120 3360 nuncium
1141 3289 1426 3369 beneficiariorum,
1458 3307 1505 3353 as-

315 3403 439 3483 sumpto
477 3400 537 3465 sibi
575 3400 738 3465 camerarii
767 3401 819 3465 vel
847 3401 949 3465 vicem
979 3399 1048 3464 eius
1084 3395 1224 3479 gerentis
1253 3394 1369 3459 nuncio
1387 3391 1506 3458 condi-

312 3505 408 3569 tionis
429 3504 585 3584 militaris,
609 3503 650 3570 ad
667 3504 825 3587 judicium
846 3508 951 3569 terrae
973 3504 1071 3568 citare
1093 3500 1236 3567 debeant.

417 3637 446 3700 9.
471 3633 536 3701 Sub
557 3652 688 3701 numero
710 3633 822 3700 decem
851 3653 1028 3700 marcarum
1058 3631 1182 3714 argenti
1204 3627 1338 3710 singulis
1359 3627 1505 3694 annisis

314 3744 449 3822 quatuor
469 3739 674 3822 temporibus,
696 3739 807 3820 itaque
829 3740 942 3805 diebus
964 3737 1096 3818 integris
1112 3738 1145 3801 11
1159 3733 1325 3816 completis
1347 3732 1503 3797 ‹lictomm

314 3848 448 3926 quatuor
468 3847 655 3926 temporum,
678 3861 698 3906 a
719 3861 813 3907 mane
834 3861 936 3926 usque
958 3842 999 3907 ad
1021 3858 1197 3923 vesperam,
1228 3837 1307 3902 dicti
1327 3837 1453 3902 nobiles
1475 3839 1504 3899 et

312 3949 491 4030 terrigenae
501 3949 594 4031 juxta
614 3945 748 4012 formam
764 3946 922 4012 citationis
946 3947 1093 4028 superius
1115 3960 1296 4026 expressam
1318 3941 1411 4006 citari
1432 3959 1504 4024 pos-

314 4055 403 4132 sunt;
434 4054 467 4116 et
495 4050 581 4134 apud
603 4067 809 4134 quoscunque
837 4051 958 4116 nobiles
988 4054 1021 4114 et
1042 4049 1217 4132 terrigenas
1246 4047 1324 4112 dicti
1346 4047 1434 4112 cives
1453 4048 1503 4130 jus

315 4175 408 4223 suum
429 4156 622 4222 obtinuerint
642 4173 699 4237 pro
716 4152 832 4219 debitis
848 4154 962 4220 suiset
986 4153 1103 4220 luerint
1122 4151 1270 4234 assecuti,
1294 4169 1333 4229 ex
1355 4155 1432 4217 tunc
1455 4168 1503 4215 res

314 4260 446 4328 mobiles
476 4258 630 4327 dictorum
650 4259 806 4326 nobilium
835 4258 1043 4324 determinate
1072 4258 1160 4324 licite
1181 4259 1215 4322 et
1235 4255 1335 4325 libere
1356 4259 1503 4338 poterunt

315 4366 411 4432 etiam
433 4381 597 4447 occupare,
620 4367 657 4428 ut
678 4363 725 4429 eis
748 4381 858 4430 eorum
879 4362 987 4429 debita
1009 4363 1180 4428 exsolvant.
