3225 5017
369 340 434 411 Gap.
452 342 474 396 1.
491 341 548 397 Res
566 342 603 397 ad
619 343 696 411 regni
714 342 978 398 administrationem
998 346 1161 413 spectantes.
1329 346 1362 397 53

167 552 331 616 nunquam
367 534 522 600 dictorum
556 535 770 618 naprabonum
800 536 945 619 querelas
973 536 1195 619 receperimus,
1226 536 1365 617 graviter

127 657 132 665 ’
168 639 376 719 continentes,
407 629 491 722 quod
521 628 704 722 praedictus
725 629 820 705 Jesco
854 638 970 705 debitis
1004 639 1065 704 sibi
1097 657 1159 703 non
1188 642 1362 720 contentus,

166 742 322 808 limitibus
352 744 440 825 ipsos
465 743 663 825 naprabones
693 743 734 809 de
752 745 825 827 jure
847 761 905 808 suo
926 742 1043 808 feodali
1066 746 1098 808 et
1119 742 1160 807 de
1181 743 1253 823 hiis,
1282 762 1363 827 quae

167 848 256 929 ipsos
277 847 402 913 nomine
424 846 606 930 hujusmodi
627 846 713 913 feodi
735 848 929 931 contingrmt,
960 846 1113 929 repulerit
1138 866 1196 930 per
1216 847 1370 931 injuriam

167 956 203 1015 et
222 952 365 1034 repellat,
388 952 541 1034 privando
564 971 619 1019 eos
641 954 682 1018 de
697 953 783 1035 agris
798 958 832 1019 et
851 970 998 1036 agrorum
1012 947 1163 1034 frugibus,
1186 948 1363 1034 pecoribus,

167 1055 345 1137 pecudibus
377 1060 410 1120 et
438 1057 583 1122 omnibus
612 1052 811 1140 abisquae
839 1058 961 1122 ratione
992 1052 1088 1122 officii
1118 1056 1223 1123 dictae
1251 1074 1365 1140 napra-

168 1161 282 1226 voniae
304 1160 457 1226 deberent
485 1159 616 1245 pacifice
646 1159 827 1245 possidere:
857 1161 924 1227 Nos
946 1158 1088 1227 volentes
1118 1179 1173 1226 eos
1202 1162 1235 1226 in
1260 1161 1365 1227 dictae

167 1265 383 1348 napraboniae
398 1263 520 1347 officiis,
537 1265 653 1350 quibus
667 1266 740 1333 freti
756 1271 839 1347 sunt,
860 1282 1047 1332 conservare
1060 1265 1255 1350 indempnes,
1278 1266 1366 1350 ipsos

168 1370 368 1453 naprabones
389 1371 555 1436 universos
578 1376 611 1436 et
632 1371 772 1454 singmcs
796 1371 1012 1456 cujuscunque
1035 1374 1146 1450 status,
1178 1371 1365 1437 conditionis

169 1479 228 1540 aut
248 1492 343 1540 sexus
364 1473 490 1557 fuerint,
522 1476 562 1541 de
584 1476 669 1541 omni
686 1476 909 1560 jurisdictione
931 1479 964 1540 et
984 1474 1101 1557 injuria
1121 1474 1200 1541 dicti
1221 1476 1241 1541 J
1243 1478 1366 1542 esconis

169 1583 205 1645 et
233 1583 462 1646 successorum
484 1581 518 1646 in
546 1580 607 1647 hac
635 1586 726 1663 parte
759 1598 889 1646 suorum
922 1583 955 1645 et
987 1579 1121 1644 aliorum
1145 1580 1367 1664 'quorumlibet

169 1684 333 1750 hominum
354 1685 502 1752 duximus
523 1723 567 1734 —
589 1685 771 1751 eximendos
795 1689 828 1751 et
850 1684 986 1751 Nostrae
1013 1684 1227 1767 jurisdictioni
1248 1687 1365 1768 regiae,

169 1789 324 1855 heredum
356 1793 390 1856 et
421 1808 640 1857 successorum
668 1790 867 1872 Nostrorum,
900 1788 1051 1855 Boemiae
1083 1807 1202 1873 regum,
1238 1792 1365 1857 tuitioni

170 1913 191 1961 a
212 1895 425 1978 quorumlibet
445 1897 664 1978 gravaminum
684 1896 840 1960 molestiis
874 1894 1112 1975 convertendos,
1136 1896 1367 1963 committentes
1386 1892 1390 1907 '

168 2000 371 2083 -principi
401 2000 482 2067 dom
507 2000 620 2067 carolo
649 2003 706 2065 aut
727 1999 815 2065 vices
837 2000 907 2084 ejus
934 1998 1056 2083 gerenti
1078 2016 1135 2082 pro
1156 2003 1307 2083 tempore,
1331 2006 1368 2066 ut

66 2120 70 2125 ·
168 2103 351 2187 praedictos
380 2103 577 2190 napravone's
607 2124 679 2172 cum
707 2105 774 2170 suis
801 2103 904 2171 feodis
926 2123 964 2171 ac
983 2104 1108 2187 juribus
1129 2102 1306 2173 feodalibus
1329 2109 1367 2171 ac

169 2226 281 2273 eorum
302 2208 501 2292 pertinentiis
523 2209 680 2275 universis
710 2208 752 2274 ad
781 2227 872 2275 suam
893 2209 1229 2276 revocetimmediate
1250 2208 1366 2275 Nostro

165 2313 298 2379 nomine
319 2317 511 2396 potestatem
531 2318 591 2381 stc.

276 2450 394 2521 (Samma
412 2451 492 2507 Garis.
512 2453 564 2521 71.)

277 2627 370 2693 1341.
408 2627 489 2693 'Nos
520 2625 703 2693 Joannes
733 2643 865 2693 rex..
898 2630 1008 2692 notum
1039 2626 1174 2693 facimus
1205 2677 1244 2694 ..
1281 2628 1366 2712 quod

168 2731 372 2799 attendentes
387 2734 479 2813 grata
493 2733 527 2796 et
540 2728 648 2796 fidelis
669 2730 814 2811 seruicia,
837 2749 919 2813 quae
940 2731 1075 2796 dilectus
1096 2730 1197 2798 Nobis
1215 2731 1366 2799 Vbizlaus

170 2837 214 2901 de
245 2836 420 2916 Neresticn
452 2834 588 2901 feodalis
622 2838 656 2900 et
676 2835 814 2900 seruitor
845 2833 961 2899 Noster
994 2835 1151 2919 specialis,
1186 2837 1366 2902 celsitudini

169 2940 309 3007 Nostrae
331 2939 475 3006 exhibuit
502 2942 536 3004 et
564 2938 766 3004 exhiberem
788 2942 882 3004 antea
902 2939 1020 3021 poterit
1041 2944 1074 3006 et
1095 2940 1232 3023 debebit,
1261 2942 1367 3024 ipsum

167 3044 287 3110 obinde
315 3045 356 3110 de
388 3044 584 3126 benignitate
610 3044 700 3125 regia
720 3042 879 3126 respicere
901 3044 1076 3124 petrosus
1103 3044 1274 3127 cupientes,
1304 3046 1365 3111 sibi

170 3154 207 3214 et
227 3148 399 3215 heredibus
421 3150 488 3214 suis
509 3148 618 3215 villam
642 3146 806 3213 Nerestioz
830 3166 901 3212 cum
924 3148 990 3213 suis
1013 3148 1216 3231 pertinenciis
1234 3151 1367 3233 singuiis

169 3256 208 3318 et
235 3252 298 3317 duo
327 3253 507 3319 molendina
528 3252 657 3333 ibidem,
686 3253 720 3317 in
740 3251 905 3319 Radieticz
934 3256 1000 3317 tres
1027 3252 1137 3319 laneos
1166 3272 1238 3320 eum
1265 3255 1367 3320 riuolo

169 3358 307 3423 Lesuicz
336 3361 370 3422 et
398 3358 479 3424 silva
507 3358 593 3423 dicta
626 3356 738 3423 Bolina
767 3361 801 3423 et
828 3375 889 3423 vno
922 3356 1101 3423 molendino
1130 3377 1168 3425 ac
1197 3358 1368 3425 ecnmdem

169 3461 388 3544 pertinenciis,
418 3466 452 3527 et
478 3462 513 3527 in
540 3461 657 3529 Paliae
686 3481 782 3528 vnum
810 3461 938 3527 laneum
963 3461 1144 3544 tenendum,
1179 3462 1367 3545 habendum,

170 3565 388 3632 vtiirueudum
417 3572 450 3632 et
471 3566 696 3650 possidendum
725 3567 795 3633 sine
823 3565 1049 3650 impedimento
1072 3568 1213 3650 quolibet
1237 3567 1369 3653 pacifice

172 3676 208 3735 et
222 3672 331 3755 quiete
344 3671 533 3738 donauimus
547 3671 767 3754 praesentibus
790 3675 823 3737 et
845 3672 1007 3753 donamus,
1034 3672 1080 3738 ita
1102 3691 1260 3757 expresse,
1284 3674 1369 3758 quod

172 3777 244 3858 ipse
265 3775 418 3843 Vbizlaus
440 3779 497 3842 aut
517 3776 651 3842 heredes
680 3776 782 3859 ipsius
803 3775 904 3841 Nobis
927 3781 959 3841 st
980 3774 1106 3843 Nostris
1133 3780 1368 3847 successoribus

172 3881 356 3963 heredibus,
378 3881 529 3948 Boemiae
556 3883 694 3964 regibus,
718 3886 752 3948 et
771 3900 835 3948 non
858 3881 950 3947 alteri
980 3901 1052 3947 cum
1076 3901 1137 3949 vno
1167 3886 1308 3969 spadone
1337 3890 1370 3951 et

172 3986 291 4051 balista
324 3987 455 4068 seruire,
496 3987 758 4071 quandocumque
794 3991 851 4053 aut
889 3987 1176 4071 quocienscumque
1212 4008 1271 4074 per
1302 3991 1368 4056 Nos

173 4089 322 4172 requisiti
335 4089 461 4157 tuerint
479 4092 680 4158 tenebuntur.
723 4091 767 4157 Et
788 4093 817 4157 si
840 4091 917 4174 quid
938 4091 1066 4174 dampni
1095 4092 1129 4157 in
1150 4092 1275 4161 Nostris
1297 4114 1369 4178 per·

174 4194 308 4261 tulerint
328 4195 483 4277 seruiciis,
512 4195 546 4260 id
567 4197 647 4280 ipsis
675 4196 855 4264 tenebimur
883 4196 1095 4279 indempniter
1122 4202 1296 4265 retractare
1318 4202 1369 4267 vei

175 4316 231 4365 eos
259 4318 280 4365 a
308 4300 444 4366 seruicia
466 4299 646 4366 huiusmodi
668 4319 769 4384 vsque
797 4301 840 4367 ad
868 4301 1132 4367 instaurationem
1161 4303 1369 4387 dampnorum

176 4405 408 4470 essevolumus
424 4411 633 4489 supportatos.
656 4406 828 4497 Adicimus
843 4408 967 4490 itaque,
985 4407 1069 4490 quod
1086 4407 1188 4473 dictos
1198 4408 1369 4477 ,Vbizlaum
