3225 5017
285 322 320 373 44
474 316 549 415 bap.
568 318 588 371 I.
606 318 661 379 Res
681 319 715 373 od
732 319 809 393 regni
827 299 1091 374 administrationem
1110 326 1273 394 spectantes.

286 518 507 597 devolvantur3
530 518 587 583 toli
610 522 715 583 tamen
731 516 968 596 consuetudine,
991 514 1076 597 quod
1097 512 1173 579 dum
1195 512 1375 579 huiusmodi
1391 513 1473 579 bona

286 623 326 688 ad
352 642 412 703 me,
442 622 576 687 heredes
607 626 639 686 et
668 639 868 686 successores
896 637 984 685 meos
1013 620 1171 702 legitimos
1201 620 1247 683 sic
1274 617 1392 682 fuerint
1420 616 1474 681 de·

286 729 401 807 voluta,
433 726 545 792 eadem
577 744 634 808 ego
664 726 746 790 hona
776 729 809 790 et
837 723 941 789 iidem·
955 724 1090 788 heredes
1121 728 1153 788 et
1183 740 1381 789 successores
1411 722 1473 785 mei
1588 767 1589 772 η

287 832 420 914 legitimi
442 850 462 896 a
484 830 626 914 praefato
650 830 775 895 domino
797 833 905 894 nostro
927 828 1114 910 Imperatori
1142 832 1292 909 tanquam
1317 835 1393 908 rege
1413 822 1474 890 Bo-

286 936 420 1016 hemiae,
449 920 620 1002 heredibus
650 939 683 1000 et
712 934 948 999 successoribus
978 934 1053 1012 suis,
1086 933 1214 1014 regibus
1243 931 1415 997 Bohemiae
1443 934 1476 994 et

286 1056 423 1122 arogno
446 1045 479 1105 et
501 1058 614 1105 corona
629 1039 811 1118 Bohemiae,
834 1039 867 1102 iu
884 1037 1014 1103 feudum
1037 1038 1199 1119 suscipere
1222 1041 1255 1100 et
1274 1040 1383 1100 tenere
1404 1054 1475 1117 per-

285 1150 380 1228 petuo
403 1146 584 1224 debeamus,
608 1146 691 1210 omni
707 1162 744 1209 eo
760 1144 853 1210 modo
877 1146 909 1207 et
926 1144 1008 1226 jure,
1031 1143 1146 1226 quibus
1162 1142 1217 1205 alii
1231 1142 1365 1206 barones
1386 1140 1475 1221 regui

285 1248 456 1315 Bohemiae
478 1268 536 1315 sua
550 1248 645 1317 feuda
667 1268 687 1313 a
707 1248 850 1331 praefato
870 1249 996 1314 domiuo
1019 1264 1089 1311 meo
1110 1246 1304 1328 Imperatore
1325 1249 1475 1326 tanquam

285 1371 359 1435 rege
381 1353 560 1445 BohemIae,
590 1354 727 1437 regibus,
757 1373 854 1437 regno
878 1359 911 1420 et
933 1370 1047 1418 corona
1068 1350 1240 1415 Bohemiae
1269 1354 1377 1414 tenere
1399 1366 1475 1431 quo-

285 1458 456 1523 modolibet
477 1464 714 1525 consueverant.
760 1458 829 1541 Ego
851 1460 949 1541 igitur
977 1456 1139 1540 praefatus
1161 1454 1275 1520 Petrus
1305 1453 1475 1519 eorundem

284 1559 506 1627 beneficiorum
536 1565 615 1629 bene
645 1568 762 1645 gratus,
793 1582 875 1646 quae
897 1563 1001 1629 dictus
1023 1562 1168 1626 dominus
1190 1578 1280 1624 meus
1301 1560 1476 1642 Imperator

285 1666 362 1731 mihi
392 1666 432 1731 de
453 1667 647 1749 benignitate
670 1666 763 1731 solita
785 1666 981 1748 dignoscitur
1004 1664 1207 1748 impendisse,
1236 1665 1319 1729 bona
1339 1682 1411 1728 mes
1438 1663 1475 1727 li-

284 1771 369 1850 bera,
392 1770 541 1836 videlicet
563 1773 655 1838 ambo
679 1776 782 1837 costra
805 1771 945 1851 Ratio,
967 1770 1120 1849 Hoetu,v
1152 1788 1224 1833 curn
1246 1769 1390 1833 omuibus
1413 1769 1475 1833 sin-

286 1875 368 1957 gulis
391 1876 599 1959 pertiuentiis,
618 1876 751 1959 juribus,
779 1876 916 1941 dominio
940 1881 972 1940 et
1001 1876 1191 1941 utilitatibus
1214 1874 1281 1938 suis
1303 1874 1343 1938 ab
1366 1872 1476 1938 eodem

286 1979 411 2044 domino
440 1999 510 2053 meo
536 1980 729 2062 Imperatore
758 1986 909 2064 tanquam
937 2001 1011 2063 rege
1034 1980 1214 2060 Bohemiae,
1245 1978 1414 2044 heredibus
1444 1981 1477 2041 et

287 2085 521 2173 successoribus
545 2086 620 2164 soie,
648 2085 820 2151 Bohemiae
841 2087 978 2168 regibus,
1010 2091 1042 2150 et
1064 2104 1202 2167 arogno
1225 2088 1257 2149 et
1279 2102 1393 2149 corona
1414 2081 1476 2146 Bo-

284 2174 408 2254 hemiae
426 2208 506 2269 meo,
528 2189 681 2255 heredum
704 2193 736 2254 et
759 2208 976 2256 successorum
991 2210 1132 2255 meorum
1153 2190 1279 2254 nomine
1301 2188 1333 2252 iu
1347 2187 1477 2252 feudum

286 2294 411 2376 suscepi
442 2298 474 2357 et
503 2292 640 2377 suscipio
671 2312 728 2375 per
756 2298 939 2377 praesentes
968 2315 1026 2377 per
1046 2314 1106 2375 me,
1136 2293 1269 2359 heredes
1299 2296 1331 2357 et
1353 2310 1477 2357 succes-

287 2416 374 2463 sores
397 2416 483 2462 meos
505 2397 651 2463 habenda
674 2402 706 2461 et
727 2399 865 2463 tenenda
886 2405 1039 2481 perpetuo
1062 2399 1147 2464 omni
1169 2417 1206 2463 eo
1228 2398 1321 2463 modo
1344 2400 1377 2461 et
1394 2396 1476 2479 jure,

285 2502 409 2585 quibus,
439 2507 475 2566 ut
495 2502 717 2585 praemittitur,
748 2503 803 2587 alii
825 2504 959 2569 barones
989 2503 1078 2585 regni
1100 2502 1272 2567 Bohemiae
1294 2522 1313 2567 a
1334 2500 1477 2583 praefato

286 2606 410 2671 domiuo
432 2625 502 2671 meo
524 2606 718 2687 Imperatore
739 2611 890 2689 tanquam
911 2626 986 2689 rege
1008 2608 1189 2686 Bohemiae,
1219 2606 1357 2689 regibus,
1380 2622 1477 2686 regno
1588 2608 1590 2645 ⁵

285 2715 318 2775 et
340 2729 454 2777 corona
475 2711 647 2776 Bohemiae
668 2715 778 2777 tenere
800 2731 858 2777 sua
879 2703 975 2778 feuda
998 2716 1236 2777 consueverunt.

388 2834 506 2899 Datum
528 2833 695 2915 Niirnberg
717 2853 745 2909 a,
768 2835 806 2899 D.
834 2835 926 2900 1361.

388 2970 449 3025 nist
459 2970 577 3025 Petruov
588 2990 603 3025 z
615 2970 844 3041 MIchelspergka‚
859 2973 925 3040 jimi
938 2960 1068 3042 uyznavd,
1086 2973 1117 3025 te
1134 2970 1231 3025 ztmelt
1242 2968 1354 3023 Veleilu
1367 2984 1384 3023 a
1395 2968 1479 3022 Rutni

285 3072 302 3109 a
326 3056 413 3111 mesta
430 3057 523 3112 Husce
547 3058 672 3128 poddtva
694 3058 749 3127 pod
773 3059 907 3113 manstvie
931 3060 1028 3114 ciesahi
1044 3058 1157 3144 Karloyi
1181 3074 1198 3111 a
1221 3056 1347 3111 budu'rcim
1372 3056 1479 3110 krtlom

285 3143 404 3214 ceskym.
421 3143 487 3199 Dat.
507 3150 582 3199 1361.
607 3144 699 3211 (Arch.
717 3138 834 3199 Karlst.:
852 3145 976 3201 Monstri
991 3144 1075 3201 deska
1092 3162 1109 3198 v
1127 3144 1269 3212 Oechtch.)

388 3319 439 3385 rc.
467 3297 955 3385 uunfuunu‘el'hunrno.
1004 3321 1095 3416 reor.
1142 3319 1481 3413 agnosceremus

284 3422 494 3490 runhunden
523 3428 632 3489 notum
661 3422 743 3489 facio
767 3474 773 3489 .
799 3476 805 3489 .
831 3474 837 3489 .
871 3425 956 3507 quod
978 3475 985 3489 .
1011 3475 1049 3489 ..
1082 3426 1227 3489 domiuus
1250 3407 1383 3490 Carolus
1406 3474 1413 3489 .
1438 3474 1445 3488 .
1471 3474 1478 3487 .

287 3530 486 3594 servitiorum
518 3547 660 3594 meorum
692 3528 809 3593 intuitu
843 3529 937 3609 mihi,
974 3528 1144 3594 heredibus
1179 3533 1212 3594 et
1244 3528 1482 3595 successoribus

287 3634 365 3699 meis
399 3633 578 3716 subscripta
610 3634 709 3714 bona,
746 3634 896 3699 videlicet
932 3634 1138 3699 munitionem
1175 3637 1207 3697 et
1243 3634 1351 3699 villam
1384 3632 1481 3697 Ilius-

285 3737 413 3802 nunoen
443 3738 512 3819 (so)
543 3742 575 3801 et
598 3722 696 3802 ‘uuas
718 3736 871 3801 oronam
901 3737 981 3819 (32),
1012 3736 1223 3801 unreozaze
1245 3737 1326 3819 (so),
1356 3738 1481 3802 orato-

285 3842 373 3907 nicze
387 3840 669 3906 etNechazenIcze
693 3860 892 3906 cumeorum
914 3841 1090 3923 appendiis
1114 3842 1304 3907 utilitatibus
1329 3847 1362 3906 et
1383 3842 1482 3923 perti-

285 3946 400 4011 nentiis
429 3945 596 4025 universis,
627 3963 709 4028 quae
738 3946 776 4011 ab
807 3946 878 4028 ipso
906 3950 1058 4028 tauquam
1086 3965 1106 4010 a
1134 3963 1209 4028 rege
1239 3945 1419 4027 dependent
1446 3946 1481 4009 in

285 4050 424 4129 feudum,
448 4048 488 4114 de
508 4050 616 4114 lunata
640 4050 700 4115 sibi
723 4049 852 4130 pietatis
868 4050 1034 4116 clementia
1055 4050 1248 4114 authoritate
1270 4050 1359 4131 regia
1376 4048 1481 4114 Bohe

286 4155 368 4219 mIae
398 4152 431 4217 in
452 4151 582 4217 feudum
610 4152 745 4217 liberum
775 4154 916 4232 coutuht,
945 4158 1073 4235 recepto
1099 4154 1187 4235 prius
1217 4173 1236 4218 a
1265 4171 1315 4218 me
1337 4152 1481 4236 praefato

287 4258 458 4338 FriderIco,
481 4254 561 4337 meo,
584 4256 737 4322 heredum
759 4260 792 4323 et
814 4275 1032 4323 successorum
1050 4276 1192 4323 meorum
1213 4258 1339 4324 nomine
1361 4275 1481 4340 prose,

288 4361 457 4427 heredibus
487 4364 520 4425 et
548 4360 782 4427 successoribus
799 4362 890 4441 suis,
921 4361 1048 4443 regibus
1076 4362 1248 4427 Bohemiae
1277 4366 1310 4426 et
1338 4363 1482 4457 eiusdem
