3225 5017
583 313 648 383 cup.
666 313 713 367 IX.
731 306 910 369 Uniiersitus.
978 369 981 384 ,
1292 321 1342 370 sav

148 510 237 577 ribus
259 513 293 575 et
322 508 531 589 studentibus,
563 506 786 574 universaliter
817 507 961 574 omnibus
987 512 1020 573 et
1048 509 1251 591 singulariter
1279 509 1343 573 sin·
1440 523 1442 536 ¹

149 616 242 699 gulis,
265 615 462 681 decrevimus
484 615 566 701 hanc
588 615 723 699 gratiam
743 613 930 694 faciendam,
954 614 1012 679 sub
1035 614 1207 695 tenoribus,
1234 614 1342 679 condi-

148 718 289 787 tionibus
321 725 354 787 et
388 720 539 789 clausulis
567 720 699 788 inferius
726 720 893 800 annotatis,
928 719 1086 799 videlicet,
1120 722 1157 783 ut
1188 718 1341 801 magistri,

149 826 303 907 doctores,
328 825 501 906 studentes,
524 825 758 909 familiaresque
780 824 957 908 quotidiani
981 842 1091 889 eorum
1106 842 1178 889 curn
1196 824 1340 890 omnibus

147 931 333 1015 praedictae
342 929 568 997 Universitatis
580 930 714 1015 juribus,
730 930 940 1010 libertatibus,
956 929 1165 1013 pertinentiis,
1177 928 1341 1010 fructibus,

148 1036 363 1119 proventibus
382 1036 601 1104 emolumentis
614 1041 648 1103 et
665 1034 906 1105 obventionibus
921 1034 1089 1115 universis,
1103 1034 1343 1117 quibuscunque

149 1141 341 1225 specialibus
366 1142 529 1209 vocabulis
551 1142 675 1226 possint
697 1142 866 1225 designari,
886 1142 926 1209 ab
942 1142 1086 1207 omnibus
1108 1140 1234 1221 stenris,
1257 1141 1341 1205 solu-

146 1245 296 1327 tionibus,
320 1246 429 1327 daoiiS,
453 1248 551 1324 talliis
574 1252 607 1313 et
622 1249 863 1332 quibuscunque
879 1247 1013 1313 caeteris
1029 1247 1177 1313 oneribus
1191 1245 1342 1326 realibus,

148 1350 245 1415 etiam
268 1370 287 1415 a
305 1351 526 1433 jurisdictione
549 1353 761 1435 quorumlibet
778 1354 923 1436 judicum
944 1352 1035 1435 regni
1060 1350 1170 1417 Nostri
1192 1350 1342 1418 Boemiae

148 1453 241 1520 liberi
264 1472 336 1521 esse
357 1456 494 1523 debeant
515 1459 642 1540 penitus
665 1461 698 1523 et
720 1458 866 1540 exempti.

252 1595 434 1663 Inhibemus
457 1598 554 1680 igitur
572 1597 734 1681 judicibus
762 1598 905 1680 singulis,
934 1601 967 1664 et
987 1596 1172 1663 nominatim
1201 1594 1342 1679 Maj0ris,

148 1700 282 1768 Minoris
305 1706 338 1767 et
359 1701 469 1768 Novae
492 1702 666 1768 Civitatum
687 1700 905 1783 Pragensium,
936 1701 1071 1782 stallis
1103 1700 1342 1783 quibuscunque

150 1811 338 1873 censeantur
359 1807 548 1889 nominibus,
570 1826 611 1873 ne
633 1807 786 1873 adversus
811 1806 948 1872 Nostrae
964 1804 1192 1889 dispositionis,
1215 1822 1342 1870 conces-

149 1910 247 1977 sionis
282 1930 319 1977 ac
342 1912 549 1977 ordinationis
581 1912 696 1977 seriem
726 1912 901 1996 quidquam
929 1912 963 1975 in
991 1910 1221 1995 praejudicium
1242 1912 1343 1993 magi-

149 2020 295 2096 strorum,
320 2016 483 2082 doctorum
506 2022 538 2083 et
561 2016 755 2083 studentium
777 2020 935 2083 attentare
965 2018 1184 2099 praesumant,
1215 2034 1288 2080 narn
1315 2016 1343 2080 si

150 2120 226 2204 quid
250 2124 459 2187 attentaretur
480 2121 573 2186 modo
596 2120 746 2205 quolibet,
769 2121 830 2186 hoc
844 2120 915 2204 ipso
932 2119 1026 2201 facto,
1051 2119 1241 2185 auctoritate
1254 2120 1342 2201 regia

148 2223 298 2290 Boemiae
321 2228 353 2291 et
375 2226 415 2290 de
439 2229 525 2291 certa
546 2224 663 2292 Nostra
686 2225 828 2307 scientia,
850 2225 971 2291 viribus
986 2241 1145 2303 vacamus,
1167 2227 1205 2288 ut
1224 2223 1342 2291 nullius

148 2328 272 2395 roboris
294 2329 337 2395 sit
359 2348 416 2395 seu
439 2331 597 2397 momenti.

252 2466 286 2533 Si
307 2485 382 2534 vero
405 2468 569 2553 supposita
591 2468 818 2536 Universitatis
840 2469 1022 2552 praedictae
1043 2469 1077 2533 in
1098 2465 1262 2533 maleficiis
1282 2486 1339 2533 seu

148 2571 310 2639 forefactis
332 2593 390 2656 per
409 2574 535 2657 judices
565 2573 709 2657 Nostros,
733 2593 831 2640 unum
853 2577 909 2639 aut
930 2573 1047 2654 plures,
1077 2572 1276 2654 apprehensa
1307 2576 1341 2638 et

149 2680 306 2743 arrestata
327 2674 454 2759 fuerint,
476 2676 581 2761 ipsum
604 2683 659 2745 aut
689 2680 810 2760 eadem,
838 2677 1007 2744 dummodo
1035 2663 1157 2742 notorie
1179 2676 1343 2742 studentes

147 2781 267 2848 fuerint
299 2786 355 2847 aut
385 2802 479 2866 quam
509 2783 572 2849 cito
601 2784 662 2850 hoc
692 2789 859 2865 constaret,
889 2782 1010 2867 Judicio
1039 2782 1172 2847 rectoris
1200 2780 1342 2864 ejusdem

148 2887 374 2953 Universitatis
397 2887 464 2953 sine
488 2888 735 2954 contradictione
759 2892 792 2955 et
815 2887 1002 2955 difficultate
1025 2886 1169 2970 qualibet
1197 2886 1342 2950 volumus

149 2992 361 3075 praesentari3
386 2992 432 3058 sic
454 2996 568 3072 tarnen,
602 2996 638 3057 ut
660 2993 756 3059 talem
778 2993 831 3059 vel
851 2993 933 3058 tales
962 3008 1020 3075 pro
1052 2989 1233 3074 hujusmodi
1262 2989 1343 3055 fore-

148 3096 242 3161 factis
271 3098 375 3160 rector
403 3094 638 3177 Universitatis,
670 3098 723 3179 qui
746 3114 803 3179 pro
825 3101 967 3179 tempore
988 3095 1094 3177 fuerit,
1126 3097 1282 3177 corrigere
1312 3098 1345 3158 et

150 3200 230 3266 alias
253 3200 424 3283 unicuique
447 3202 554 3264 contra
577 3218 631 3265 eos
654 3200 810 3265 actionem
840 3198 969 3267 habenti
998 3198 1188 3281 expeditam,
1219 3198 1343 3281 quoties

150 3322 231 3388 opus
252 3304 357 3385 fuerit,
382 3304 496 3370 debeat
514 3304 672 3388 justitiam
693 3304 882 3371 ministrare.

254 3442 287 3511 Si
316 3444 387 3527 quis
416 3462 492 3509 vcro
521 3448 721 3527 praesentem
754 3442 904 3509 Nostram
935 3443 1084 3526 paginam
1111 3443 1341 3527 quovismodo

150 3548 318 3629 infirmare,
341 3548 512 3631 infringere
534 3553 590 3614 aut
612 3548 767 3615 contraire
782 3549 987 3615 attentaverit
1000 3550 1069 3615 sive
1083 3548 1341 3631 praesumpserit,

150 3654 190 3720 ab
213 3654 326 3719 eodem
346 3653 463 3718 totiens
485 3652 630 3736 quotiens
654 3656 762 3720 contra
783 3651 903 3719 facturn
924 3652 1029 3734 fuerit,
1061 3655 1186 3718 centurn
1215 3670 1337 3717 marcas

151 3759 221 3825 auri
242 3758 405 3841 purissimi
427 3757 688 3824 irremissibiliter
710 3756 793 3839 exigi
817 3758 961 3823 volumus
984 3763 1017 3823 et
1040 3777 1111 3823 cum
1126 3755 1240 3821 effectu
1256 3755 1341 3836 dari3

142 3867 183 3953 et
204 3882 313 3931 earum
334 3862 538 3929 medietatem
567 3861 676 3928 Nostri
705 3862 822 3945 regalis
845 3863 959 3928 aerarii
990 3861 1148 3941 Boemiae,
1180 3862 1341 3927 residuam

149 3987 225 4035 vero
247 3972 370 4051 partem
393 3966 497 4033 dictae
520 3966 745 4033 Universitatis
759 3966 954 4050 profectibus
971 3971 1002 4032 et
1017 3967 1128 4035 usibus
1143 3966 1340 4033 decrevimus

151 4073 313 4156 applicari.
726 4129 732 4137 .

253 4175 472 4241 Praesentium
497 4177 555 4243 sub
579 4178 687 4260 regiae
708 4176 845 4242 Nostrae
867 4176 1046 4260 Majestatis
1069 4177 1174 4259 sigillo
1199 4176 1341 4241 testimo-

150 4282 203 4347 nio
224 4281 409 4349 litterarum.

255 4386 373 4451 Datum
406 4382 546 4450 Mendici
579 4384 615 4451 A.
640 4386 678 4450 D.
702 4384 916 4466 Mocoxoss,
940 4386 992 4450 die
1024 4385 1174 4452 vicesima
1203 4386 1342 4451 secunda
