3225 5017
441 331 505 400 Gap.
523 331 558 385 H.
576 329 664 400 Regni
681 330 710 386 in
727 329 868 385 districtus
885 327 991 384 divisio.
1279 336 1312 384 89

231 521 323 588 1402.
369 519 575 588 Wenceslaus
598 541 661 588 rex.
700 520 806 587 Nobili
829 520 952 587 Joanno
984 521 1068 586 dicto
1091 518 1243 587 (lrussina
1273 521 1313 586 de

129 624 348 708 Lichtenburg,
371 626 539 709 burgravio
563 627 657 692 castri
676 626 845 708 Pragensis
868 630 925 691 etc.
949 625 1069 690 lidelis
1092 625 1214 692 dilecte.
1238 625 1315 691 Tra-

129 731 284 798 otentibus
306 717 429 814 pridem
450 726 546 814 snper
574 732 715 814 proxime
743 731 924 813 praeteritis
946 730 1089 809 Quatuor
1110 731 1313 813 temporibus,
1346 772 1348 777 -

127 836 282 902 nobilibus
311 836 400 918 regni
429 837 529 902 nostri
550 836 723 902 Bohemiae
750 837 921 903 baronibus
952 836 1037 900 circa
1065 836 1189 901 tabulas
1211 839 1315 900 terrae

128 939 165 1004 (16
186 941 318 1023 speciali
347 941 495 1007 mandato
523 946 631 1006 nostro
660 941 792 1022 adhoc,
822 945 859 1005 ut
886 941 920 1006 in
946 941 1057 1006 eodem
1077 958 1175 1022 regno
1197 938 1313 1004 Nostro
1443 960 1444 967 ¹

127 1043 276 1110 Boemiae
298 1047 385 1128 pacis
409 1047 589 1114 stabiliatur
610 1046 793 1126 amoenitas,
817 1046 942 1129 justitia
963 1046 1127 1127 bucusque
1149 1044 1315 1127 concupita

128 1147 234 1214 debito
256 1151 407 1231 persistat
428 1151 461 1216 in
492 1152 604 1217 robore
627 1155 659 1217 et
680 1149 790 1217 fideles
821 1151 1001 1233 regnicolas
1022 1151 1080 1215 sub
1103 1149 1316 1215 (1611111111-

127 1253 283 1335 quillitate
305 1255 469 1337 respirent,
494 1255 619 1338 singula
640 1273 698 1337 per
718 1255 806 1338 ipsos
828 1254 972 1320 ordinata
995 1259 1113 1352 statuta
1135 1259 1169 1320 et
1189 1254 1317 1320 decreta

128 1361 235 1440 (prout
255 1359 289 1424 in
309 1360 530 1442 praesentibus
554 1361 672 1442 scripta
698 1360 890 1425 articulatim
918 1359 1050 1425 inferius
1072 1359 1197 1442 plenius
1219 1360 1317 1424 conti-

126 1464 253 1548 nentur)
275 1481 402 1530 servare
416 1464 617 1547 promisimus
636 1468 669 1529 61
682 1468 790 1530 tenere
810 1464 910 1529 solide
925 1464 1117 1547 pollicemur.
1141 1463 1185 1528 Et
1204 1443 1317 1529 horum

126 1585 182 1650 pro
213 1569 343 1633 maioris
372 1569 494 1635 roboris
524 1565 673 1634 firmitate
703 1573 735 1634 et
766 1569 950 1634 executione
980 1567 1100 1635 efficaci
1134 1569 1318 1652 exequenda

126 1673 230 1737 auimo
253 1671 436 1754 deliberato,
459 1691 534 1742 sano
556 1675 718 1754 baronum,
743 1673 896 1739 nobilium
912 1677 944 1738 et
966 1671 1107 1739 fidelium
1128 1673 1316 1739 Nostrorum

127 1777 298 1865 accedente
319 1778 449 1844 oonsilio
472 1783 505 1844 et
527 1778 567 1844 de
586 1784 672 1844 certa
686 1778 802 1843 Nostra
822 1779 963 1859 scientia,
978 1782 1011 1843 te
1029 1779 1317 1862 justitiarium

126 1899 200 1946 seu
222 1901 556 1965 poprawczonem
575 1884 846 1950 districtuum
862 1883 1124 1964 Graecensis,
1148 1882 1317 1950 0111111-

126 1987 283 2052 mensis
314 1993 354 2053 et
383 1987 589 2054 Mutensis
619 1990 840 2054 constituimus
866 1994 900 2055 et
921 1988 1145 2069 ordinavimus,
1173 1987 1316 2068 iacimus,

127 2093 349 2158 constituimus
372 2098 404 2157 et
426 2094 543 2159 virtute
565 2093 779 2176 praesentium
798 2092 976 2159 omnimode
992 2092 1183 2174 ordinamus,
1205 2091 1318 2157 dantes

126 2201 159 2261 61
173 2197 383 2264 concedentes
394 2199 453 2265 tibi
464 2199 654 2265 auctoritate
668 2198 757 2280 regio
770 2198 934 2281 praedicta
948 2200 1074 2281 plenam
1090 2202 1123 2263 et
1137 2215 1317 2279 expressam

126 2301 158 2366 in
188 2301 383 2369 facinorosos
413 2323 449 2370 ac
480 2305 696 2387 delinquentes
729 2304 872 2368 homines
905 2303 1072 2369 exercendi
1104 2306 1137 2367 et
1167 2301 1319 2385 puniendi

126 2412 326 2488 potestatem.
351 2407 538 2476 Mandantes
560 2410 764 2475 nihilominus
778 2409 837 2474 tibi
853 2409 1073 2490 praesentibus
1088 2408 1216 2487 seriose,
1241 2425 1318 2490 qua-

126 2515 222 2577 tenus
233 2513 274 2578 ad
290 2514 526 2597 requisitionem
543 2519 739 2580 caeterorum
750 2513 994 2596 justitiariorum
1009 2518 1042 2579 et
1059 2530 1317 2597 poprawczonum

127 2619 219 2700 regni
242 2617 414 2686 Bohemiae
444 2639 501 2685 seu
524 2620 687 2686 ciuitatum
711 2624 743 2683 et
763 2619 938 2684 incolarum
958 2619 1069 2701 ipsius,
1093 2618 1218 2701 quoties
1239 2634 1319 2699 opus

127 2721 226 2788 luerit
248 2729 280 2788 61
301 2728 334 2789 16
350 2724 496 2789 duxerint
510 2724 648 2806 desuper
661 2724 894 2805 requirendum,
917 2723 995 2805 ipsis
1013 2722 1053 2788 ad
1076 2721 1320 2786 conculcandam

129 2833 161 2892 et
176 2829 411 2911 reprimendam
432 2827 655 2908 maleficorum,
671 2832 832 2910 raptorum
848 2831 881 2892 et
896 2845 1118 2910 oppressorum
1132 2827 1209 2891 dicti
1231 2825 1320 2915 regni

128 2931 301 2998 Bohemiae
336 2935 547 2999 temeritatem
580 2933 789 2998 inconsultam
824 2935 881 2997 tua
917 2932 1059 3014 potentia
1089 2931 1165 2996 totis
1197 2930 1319 2995 nisibus

128 3038 281 3103 assistere
304 3038 420 3104 debeas
442 3035 580 3104 fideliter
601 3042 634 3103 et
655 3042 768 3118 astare,
800 3036 885 3119 quod
915 3037 1011 3100 etiam
1038 3035 1136 3101 iidem
1154 3033 1321 3118 justitiarii

129 3159 187 3206 seu
211 3160 451 3224 poprawczones
474 3163 512 3208 ac
535 3142 679 3208 civitates
702 3146 734 3208 61
755 3140 877 3206 incolae
905 3141 1047 3222 ipsarum
1068 3141 1138 3206 vice
1160 3141 1321 3223 reciproca

129 3247 189 3312 tibi
212 3244 317 3311 facere
340 3246 500 3312 debebunt
522 3251 554 3310 et
575 3249 730 3311 tenentur.
1221 3248 1223 3255 ’

240 3349 374 3434 (Eodem
397 3369 478 3415 anno
501 3351 663 3415 constituti
685 3355 759 3416 sunt
779 3367 1020 3433 popraucnones
1041 3349 1321 3415 Hradecensis

130 3471 188 3521 seu
211 3454 380 3520 Grecensis
402 3454 484 3520 alter
506 3455 699 3536 capitaneus,
729 3453 943 3519 Theodericus
966 3454 1006 3519 de
1028 3454 1178 3520 Janovicz
1202 3472 1258 3519 seu
1281 3453 1321 3519 (16

129 3559 271 3625 Nachod.
295 3559 589 3624 Bechinensis:
613 3558 769 3624 Hemicus
789 3559 830 3623 de
844 3559 1036 3641 Rosenberg,
1059 3558 1202 3624 eiusdem
1216 3559 1323 3623 distri·

131 3668 218 3730 ctus:
241 3683 261 3728 a
285 3662 518 3730 1405U1ricus
542 3662 582 3727 (16
604 3662 787 3729 Novudomo
817 3668 850 3728 et
871 3663 1010 3728 loannes
1040 3663 1080 3728 (16
1101 3661 1195 3727 Austl
1217 3662 1321 3727 dictus

131 3768 375 3834 Camenicensis.
417 3767 686 3834 Prachensis:
718 3766 847 3833 Zdenko
870 3767 910 3832 de
931 3766 1097 3847 Ronmital,
1120 3766 1258 3833 loannes
1282 3767 1322 3833 de

130 3871 325 3940 Novadomo.
349 3872 702 3939 Boleslaviensis:
724 3869 913 3937 Wilhelmus
928 3872 968 3935 de
983 3871 1166 3952 Zrirneticn,
1181 3871 1321 3938 Joannes

132 3977 173 4042 de
195 3975 418 4059 Michelsperk.
454 3976 787 4042 Gzaslaviensis:
811 3975 919 4041 Witek
941 3976 981 4040 (16
1003 3975 1145 4058 Lippnic,
1165 3973 1322 4043 Nikolaus

133 4081 173 4146 de
194 4082 320 4148 Ruczie.
366 4081 485 4146 lterum
513 4081 869 4147 Bolesleviensis:
899 4080 993 4144 Alsso
1022 4080 1062 4144 de
1091 4081 1184 4147 Dube
1217 4081 1322 4147 dictus

133 4183 285 4268 Sekopek.
311 4185 644 4252 Ohrudimensis:
668 4185 820 4251 Zdesluus
844 4184 883 4250 de
906 4185 1076 4267 Sternberg
1097 4186 1130 4250 in
1152 4186 1321 4269 Zageczicz

134 4294 167 4354 et
181 4289 323 4356 Andreas
345 4291 445 4357 Dube.
472 4290 821 4356 Litomericensis
843 4295 877 4356 61
896 4289 1128 4355 Plsnensis:
1152 4289 1321 4372 Udalricus

133 4394 174 4461 ab
191 4393 372 4478 Hazmburg
386 4397 418 4461 in
432 4393 585 4461 Ptimda.
609 4394 728 4461 Iterum
746 4395 1114 4461 Litomericensis:
1136 4393 1320 4463 Herbordus
1360 4400 1364 4409 '
