3225 5017
569 330 634 402 Cap.
652 330 698 385 IX.
716 330 895 387 Universitas.
1276 334 1327 386 297

134 530 206 591 rata
227 544 284 609 pro
306 524 411 591 medio
433 543 514 590 anno
535 530 609 607 post
630 526 699 609 ejus
727 482 846 590 exitum
876 542 934 608 per
963 524 1138 606 Collegium
1167 525 1228 591 sibi
1258 525 1327 590 dari

135 631 240 711 debet,
263 631 292 696 si
313 635 419 696 tanen
442 631 474 695 in
497 648 555 695 sno
577 631 723 713 ingressu
745 630 779 694 in
794 629 971 712 Collegium
986 649 1043 712 per·
1057 628 1197 695 medium
1211 649 1327 696 annum

134 753 233 818 snper
255 735 322 801 suis
345 736 524 819 sumptibus
550 735 756 818 expendebat

239 893 290 958 20.
336 893 392 958 De
435 892 707 974 reparatione
751 907 1005 957 camerarum
1048 892 1088 956 in
1132 890 1324 973 speciali.

133 995 250 1062 Nullus
283 997 475 1079 collegarum
496 996 614 1062 audeat
635 996 757 1080 aliquid
777 996 812 1062 in
834 1014 891 1062 suo
923 996 1084 1062 commodo
1116 1013 1172 1061 seu
1202 1014 1327 1062 camera

133 1121 282 1185 rumpere
303 1106 359 1167 aut
379 1101 508 1184 aliquod
531 1097 717 1166 aedificium
725 1105 908 1167 construere
925 1105 982 1166 aut
995 1101 1133 1184 aliquam
1155 1101 1325 1167 notabilem

131 1207 365 1290 reparationem
386 1206 492 1279 iacere
513 1205 634 1290 absque
657 1206 790 1289 Collegii
813 1206 941 1272 licentia
964 1206 1104 1289 speciali.
1136 1203 1257 1283 Quodsi
1279 1205 1326 1268 sic

133 1330 207 1376 eum
227 1312 357 1378 licentia
378 1311 490 1378 lecerit
515 1316 548 1377 et
571 1310 746 1394 Collegium
777 1310 858 1376 illud
887 1329 967 1395 opus
997 1312 1075 1377 utile
1105 1310 1328 1394 approbaverit

130 1416 284 1498 illiusque
306 1414 412 1498 operis
434 1418 567 1498 ruptura
588 1418 644 1481 aut
665 1414 781 1481 ablatio
804 1416 918 1481 nociva
939 1433 1001 1480 non
1022 1415 1127 1497 fuerit,
1150 1419 1226 1480 tunc
1253 1417 1326 1497 post

132 1520 310 1587 discessum
332 1521 410 1586 dicti
433 1519 573 1602 collegae
599 1539 619 1584 a
641 1537 766 1585 camera
794 1519 841 1584 sic
869 1523 1026 1602 reparata,
1058 1537 1137 1602 opus
1159 1519 1239 1585 illud
1268 1537 1325 1601 pro

132 1645 259 1691 camera
281 1625 376 1691 debet
396 1643 568 1705 remanere,
597 1627 630 1688 et
651 1623 777 1689 iuturus
803 1624 924 1706 collega
945 1624 1032 1688 illum
1055 1641 1213 1690 cameram
1235 1623 1326 1688 inha-

129 1729 236 1795 bitare
257 1729 318 1797 sibi
348 1729 477 1812 eligens,
500 1728 703 1794 medietatem
731 1729 946 1811 impensarum
975 1727 1073 1810 priori
1096 1728 1236 1810 collegae
1264 1727 1326 1792 sol-

130 1853 209 1900 vere
242 1834 385 1914 debebit;
416 1838 449 1898 et
476 1836 552 1898 tunc
582 1833 695 1900 tertius
717 1833 898 1900 inhabitans
922 1832 1060 1899 secundo
1083 1832 1179 1898 etiam
1208 1832 1326 1897 medie

130 1943 231 2011 tatem
252 1940 347 2022 pretii
369 1939 458 2005 dabit
486 1942 544 2003 etc.
573 1939 811 2018 convenientem
843 1943 973 2021 quartus
996 1937 1100 2018 tertio,
1131 1941 1164 2001 et
1196 1937 1325 2018 quintus

132 2048 247 2127 quarto
269 2043 611 2128 sempermedietatem
633 2044 727 2126 pretii
750 2045 861 2125 solvet,
885 2061 987 2127 nsque
1009 2042 1050 2107 ad
1072 2042 1325 2108 extenuationem

129 2149 355 2232 principalium
376 2149 600 2231 impensarum.

236 2289 287 2353 21.
323 2287 379 2354 De
402 2287 578 2353 cameris
600 2287 821 2372 eligendis.
866 2287 900 2354 si
924 2307 1006 2371 quae
1028 2306 1223 2354 camerarum
1247 2288 1324 2353 duo-

131 2391 235 2458 decim
262 2393 431 2474 vacaverit‚
462 2391 547 2458 facta
577 2393 801 2458 convocatione
821 2392 964 2475 Collegit
987 2392 1186 2476 praepositus
1213 2391 1324 2475 hujus-

130 2497 218 2562 modi
239 2498 416 2564 vacantiam
450 2497 484 2562 in
511 2498 626 2577 medio,
639 2498 829 2580 collegarum
858 2498 1020 2579 indicabit,
1051 2517 1146 2580 quam
1168 2515 1325 2563 cameram

131 2601 267 2685 quilibet
288 2601 479 2683 collegarum
501 2601 619 2683 eligere
641 2601 703 2667 sibi
724 2603 849 2686 poterit,
878 2621 936 2669 sua
959 2623 1083 2669 camera
1106 2602 1194 2684 prins
1217 2605 1324 2666 tamen

129 2706 299 2788 resignata.
345 2704 434 2771 Haec
456 2709 562 2772 antem
585 2706 698 2772 electio
721 2703 777 2771 fiat
799 2705 972 2773 secundum
1004 2705 1146 2770 ordinem
1168 2704 1323 2787 graduum

129 2810 213 2876 senii
240 2810 440 2892 collegamn.

235 2913 309 2981 (θοῷ.
320 2913 410 2966 memb.
423 2910 530 2982 Collegit
540 2929 606 2966 saec.
624 2912 696 2966 XVI
707 2913 753 2978 mi,
765 2914 826 2966 olim
844 2911 900 2967 Soc.
918 2913 946 2967 J.
963 2913 1067 2982 Proque
1080 2915 1117 2966 cd
1130 2913 1156 2968 S.
1176 2912 1323 2968 Canentem

128 3019 198 3054 acac
215 3019 236 3054 c.
254 3019 276 3051 r.
295 2999 460 3054 bibliothecae
482 2999 557 3054 Unio.
575 3000 668 3070 Prap.)

234 3175 288 3244 20.
326 3174 550 3242 Ordinatio
583 3177 700 3258 regia
737 3195 864 3260 super
892 3178 1067 3245 vocibus
1099 3179 1320 3245 nationum.

131 3282 226 3348 1409.
254 3281 305 3347 27.
329 3280 415 3366 Sept.

234 3386 284 3452 De
305 3387 407 3454 tribus
430 3387 561 3454 vocibus
576 3387 767 3453 Bobemicae
781 3387 937 3454 Nationis.
963 3385 1201 3470 (Ordinationes
1223 3389 1321 3471 magi·
1403 3449 1406 3456 .

130 3492 431 3558 strommssoemiae
448 3495 557 3558 contra
570 3493 739 3574 magistros
753 3492 1019 3559 Theotunicorum
1034 3492 1070 3559 A.
1091 3493 1129 3559 D.
1143 3493 1196 3559 IX.
1212 3493 1320 3576 1409.)

232 3629 323 3683 Prima
335 3627 484 3684 ordinatio:
504 3629 583 3697 Quod
595 3629 670 3684 natio
688 3630 851 3685 Boemorum
864 3635 919 3686 tres
931 3631 1051 3686 habeant
1063 3647 1143 3687 voces
1153 3633 1182 3687 in
1194 3632 1320 3687 omnibus

129 3715 250 3771 consiliis
278 3715 480 3786 Universitatis‚
505 3717 684 3785 examinibus,
710 3716 821 3786 judiciis
852 3724 879 3773 et
910 3719 1117 3788 quibuscunque
1144 3719 1320 3774 electionibus

127 3809 264 3858 rectorum
281 3810 310 3858 et
327 3803 492 3859 decanorum
510 3806 629 3861 omnium
647 3804 815 3875 facultatum,
835 3806 957 3862 similiter
976 3812 1003 3861 ct
1015 3806 1217 3875 collegiatarum
1230 3808 1320 3876 cujus·

127 3890 194 3945 libet
211 3889 325 3960 collegii,
344 3891 417 3946 etin
436 3891 550 3960 singulis
569 3892 684 3962 agilibus
705 3899 732 3947 et
750 3893 915 3963 quibuslibet
933 3893 1159 3964 dispositionibus
1182 3894 1320 3950 Universi—

126 3978 193 4032 totis
210 3977 371 4045 (secundnm
389 3983 514 4033 tenorem
531 3980 627 4034 literae
645 3979 747 4035 domini
765 3981 838 4050 regis
853 3997 935 4052 super
946 3980 1094 4053 praedictis
1106 3998 1193 4052 nuper
1208 3982 1320 4037 Univer-

129 4065 204 4120 sitati
224 4065 423 4134 transmissae.)

230 4153 309 4206 Alius
327 4151 438 4210 modus:
457 4155 514 4208 Aut
531 4155 605 4223 quod
621 4161 716 4210 nostra
734 4157 808 4212 natio
826 4157 990 4213 Boemorum
1002 4156 1071 4213 duas
1085 4157 1186 4215 habeat
1198 4175 1278 4215 voces
1292 4165 1319 4212 et

127 4239 197 4294 aliae
216 4245 272 4294 tres
290 4240 417 4296 nationes
435 4257 519 4296 unam
536 4247 652 4313 tantum,
670 4250 718 4298 ant
735 4245 810 4299 natio
828 4245 990 4301 Boemorum
1014 4252 1071 4301 tres
1095 4263 1175 4302 voces
1200 4253 1228 4301 et
1248 4246 1318 4300 aliae

127 4326 197 4381 duas
215 4327 245 4382 in
263 4328 377 4396 singulis
395 4328 621 4400 dispositionibus
640 4333 844 4403 suprascriptis,
862 4350 894 4390 eo
908 4332 981 4402 quod
992 4333 1021 4387 in
1033 4334 1145 4390 natione
1156 4335 1318 4390 Boemorum

127 4413 161 4469 de
179 4414 269 4485 gratia
285 4415 339 4471 Dei
355 4416 449 4487 plures
469 4424 534 4474 sunt
551 4418 674 4488 magistri
691 4436 773 4490 quam
791 4421 913 4476 omnium
932 4421 1046 4478 aliarum
1064 4422 1205 4479 cadonum
1224 4423 1318 4492 simul;
