3225 5017
603 261 669 331 000.
685 260 732 314 IX.
750 260 928 316 Universitas.
1307 267 1357 318 295

167 455 274 520 lumen
296 453 499 520 candelmnm
532 471 569 518 eo
594 453 770 536 deportare,
792 451 856 520 nisi
878 470 949 520 cum
970 470 1083 535 magna
1105 452 1238 532 cautela,
1262 471 1354 520 occu-

167 564 260 626 rente
278 560 478 627 necessitate.

236 699 239 706 ·
274 664 323 730 13.
346 663 403 728 Dc
424 663 620 729 uillarum
641 662 901 729 visitatione.
946 659 1085 744 Singulis
1107 660 1260 742 terminis,
1292 665 1358 727 tam

167 765 199 832 S.
223 766 308 832 Galli
329 786 423 850 quam
445 766 475 832 S.
501 764 640 850 Georgii,
662 765 787 850 quando
815 768 1025 849 opportunum
1046 763 1151 846 buerit,
1182 769 1255 848 post
1277 765 1357 832 duas

168 872 371 957 septimanas,
388 871 529 954 quilibet
549 871 749 954 praepositus
772 870 865 938 uillas
889 869 1022 953 Collegii
1038 889 1117 954 cum
1133 871 1199 935 suis
1221 869 1358 935 aedituis

166 974 329 1041 tenebitur
360 977 493 1042 visitare
521 980 555 1041 et
584 975 629 1040 ibi
651 979 790 1042 retentos
818 993 930 1040 census
954 975 1112 1058 colligere,
1146 974 1235 1040 etsi
1264 973 1360 1039 fuerit

166 1081 391 1163 necessarium,
409 1080 664 1164 jurisdictionem
686 1097 843 1161 exercere,
875 1083 908 1152 et
937 1079 982 1145 ibi
1010 1097 1074 1145 non
1102 1078 1238 1162 amplius
1264 1095 1360 1160 quam

167 1202 227 1266 per
248 1203 342 1250 unam
364 1185 449 1250 diem
477 1189 512 1251 et
532 1188 659 1250 noctem
687 1202 891 1268 permanere3
922 1188 955 1249 et
984 1201 1023 1248 en
1051 1184 1180 1267 antiquo
1210 1201 1298 1248 more
1326 1183 1359 1248 in

168 1289 246 1355 villa
267 1289 454 1356 Poczernicz
476 1308 572 1373 super
594 1293 739 1373 sumptus
762 1287 904 1370 Collegii,
927 1289 960 1353 in
982 1289 1054 1354 aliis
1074 1288 1157 1356 villis
1173 1305 1283 1355 versus
1299 1286 1360 1354 Ve-
1413 1276 1416 1281 ’

167 1412 279 1459 ronam
300 1412 398 1476 super
418 1399 563 1476 sumptus
585 1395 724 1459 omnium
745 1385 900 1461 villarum.
925 1391 959 1458 Si
975 1410 1051 1458 vero
1065 1396 1192 1475 praeter
1206 1391 1359 1458 terminos

168 1497 348 1580 praedictos
370 1499 510 1581 aliquam
532 1517 661 1564 causam
678 1498 842 1581 iudicandi
864 1496 1081 1604 praepositum
1103 1497 1191 1562 exire
1211 1515 1263 1562 rcs
1288 1513 1359 1561 coe-
1415 1504 1417 1509 '
1555 1561 1558 1574 ,

169 1603 261 1684 gerit,
282 1606 359 1668 tunc
380 1604 505 1668 nonnisi
527 1621 623 1686 super
644 1607 789 1686 sumptus
812 1605 891 1687 ejus,
914 1601 1004 1686 cujus
1026 1620 1122 1668 causa
1137 1603 1250 1684 agitur,
1274 1601 1360 1666 exire

172 1706 310 1773 debebit

275 1810 324 1875 14.
362 1810 419 1875 De
452 1829 645 1875 censuum
680 1811 930 1894 exceptione
959 1814 999 1875 et
1024 1809 1356 1893 dispensatione.

167 1911 372 1997 Praepositus
394 1912 530 1980 fideliter
550 1934 588 1980 ac
611 1914 779 1996 diligenter
801 1933 914 1982 census
938 1914 1070 1997 collegii
1091 1917 1218 1979 tenetur
1247 1915 1357 1998 enqui-

169 2029 240 2084 rere
269 2023 404 2101 utroque
433 2019 566 2084 termino
596 2019 736 2085 censuali
765 2020 897 2093 Ι0111100
927 2037 1023 2103 super
1051 2019 1137 2084 nullo
1172 2018 1234 2084 alio
1261 2036 1359 2102 quam

169 2140 266 2205 super
287 2140 440 2205 expensas
461 2123 664 2214 victualeset
678 2120 884 2206 supellectilis
900 2121 1033 2206 collegii
1050 2121 1210 2200 tenebitur
1228 2122 1354 2206 dispen-

169 2245 249 2293 sare.
273 2224 307 2292 Si
329 2230 437 2293 autem
460 2224 571 2302 domus
595 2227 728 2310 Collegii
750 2228 783 2291 in
805 2228 911 2311 aliquo
933 2225 1155 2294 reformatione
1177 2226 1357 2310 indiguerit,

168 2329 250 2396 illud
270 2331 470 2415 praepositus
499 2350 561 2397 non
590 2333 766 2416 sumptibus
801 2350 960 2412 censuum,
997 2330 1054 2397 sed
1084 2325 1262 2414 sumptibus
1291 2329 1360 2414 fisci

172 2433 306 2517 Ocllegii
327 2436 518 2503 reformabit
1348 2428 1352 2434 ²

275 2539 324 2606 15.
347 2538 404 2605 De
426 2541 743 2606 electionenoui
766 2540 963 2624 collegae.
986 2538 1146 2607 Numerus
1164 2531 1359 2622 collegarum

170 2641 267 2709 debet
288 2661 359 2708 esse
380 2643 602 2724 duodecimus;
632 2645 730 2726 igitur
751 2645 779 2709 01
801 2663 896 2729 quem
917 2644 1108 2726 collegarum
1129 2643 1208 2709 mori
1231 2647 1287 2709 aut
1307 2662 1358 2709 re-

170 2747 297 2828 signare
319 2765 412 2813 suurn
439 2748 544 2814 locum
573 2749 741 2831 contigerit
768 2753 825 2815 aut
853 2749 916 2816 alio
946 2749 1038 2814 modo
1072 2749 1211 2832 aliquem
1245 2766 1358 2814 vacare

168 2851 330 2932 acciderit,
354 2856 508 2919 statutum
528 2858 587 2937 est,
610 2858 647 2918 ut
668 2853 1017 2936 nullus-magistrorum
1039 2853 1158 2934 obliget
1179 2871 1214 2918 se
1239 2853 1273 2916 in
1294 2853 1361 2934 pri-

169 2959 245 3022 vato
263 2956 308 3021 ad
329 2956 465 3022 dandam
485 2976 596 3024 vocem
617 2974 675 3040 pro
696 2976 778 3024 novo
799 2957 967 3038 collegiato
990 2955 1160 3038 eligendo;
1190 2956 1247 3022 sed
1276 2956 1361 3039 ipsis

170 3079 230 3142 per
250 3061 507 3126 convocationem
528 3061 701 3144 praepositi
723 3063 782 3128 sub
804 3079 906 3145 poena
930 3078 993 3126 non
1022 3058 1257 3126 contradicendi
1288 3077 1361 3125 con-

170 3164 320 3248 gregatis,
343 3165 476 3247 quilibet
497 3165 675 3248 incipiendo
696 3186 716 3232 a
735 3165 917 3250 praeposito
933 3166 991 3232 sub
1008 3165 1199 3231 conscientia
1213 3163 1359 3244 fateatur,

170 3286 207 3334 ae
227 3268 307 3348 nulli
328 3286 400 3335 cum
421 3287 480 3334 sua
500 3288 578 3336 voce
591 3269 666 3335 -fore
688 3270 870 3352 obligatum.
913 3269 1033 3348 Quodsi
1056 3269 1096 3335 de
1125 3269 1233 3351 aliquo
1262 3287 1360 3352 oppo-

170 3373 267 3438 situm
299 3374 535 3455 comprobatum
568 3374 673 3455 fuerit,
710 3375 784 3440 talis
821 3393 899 3441 voce
935 3374 1055 3440 carebit
1089 3392 1147 3456 pro
1187 3373 1243 3438 illa
1279 3373 1356 3440 uice

170 3476 295 3542 Extuno
317 3477 425 3542 statim
445 3478 528 3544 inira
547 3468 673 3562 tempus
695 3480 789 3544 unius
810 3477 1036 3559 hebdomadas,
1063 3476 1171 3544 habito
1204 3494 1282 3559 puro
1310 3495 1360 3542 re-

170 3585 281 3672 spectu
303 3580 344 3646 ad
365 3581 482 3648 bonum
503 3587 536 3648 et
557 3582 732 3666 profectum
754 3583 888 3665 Collegii
910 3587 942 3648 et
956 3581 1189 3662 Universitatis,
1225 3581 1361 3662 eligatur

170 3683 344 3750 secundum
365 3686 580 3768 pluralitatem
601 3706 715 3754 vocum
736 3705 836 3754 novus
860 3687 989 3768 collega,
1012 3687 1164 3768 magister
1182 3685 1215 3750 in
1229 3685 1360 3766 artibus,

172 3790 227 3872 qui
244 3788 336 3872 juxta
357 3788 452 3874 hujus
475 3791 610 3874 Collegit
629 3792 820 3858 erectionem
843 3791 885 3858 sit
907 3792 1015 3856 valens
1031 3790 1174 3856 laborare
1189 3789 1221 3854 in
1237 3791 1364 3856 artibus

169 3895 222 3960 vel
241 3894 275 3958 in
296 3894 464 3976 theologia.
487 3895 522 3961 Si
543 3915 619 3961 vero
634 3897 811 3980 aequalitas
825 3913 938 3962 vocum
954 3894 1058 3975 luerit,
1078 3895 1220 3976 inquam
1236 3897 1358 3976 partem

169 4015 232 4064 vox
263 3999 437 4081 praepositi
470 3998 683 4081 declinaverit,
717 4001 791 4066 talis
827 4018 884 4083 pro
908 4001 1007 4064 electo
1033 3998 1203 4078 habeatur3
1234 3998 1360 4064 sivero

169 4120 231 4167 vox
251 4102 425 4184 praepositi
446 4100 542 4168 luerit
563 4121 721 4185 unapars
744 4103 959 4186 aequalitatis,
980 4103 1037 4168 illa
1059 4103 1186 4170 tenebit

277 4208 326 4271 16.
360 4206 417 4270 De
439 4207 709 4290 susceptione
734 4207 829 4272 noui
852 4206 1050 4288 collegae.
1095 4205 1204 4272 Novus
1236 4206 1357 4288 collega

169 4310 253 4377 facto
275 4328 333 4395 per
353 4329 427 4376 eum
455 4311 610 4393 promisso
640 4310 681 4375 ad
709 4329 838 4376 manum
867 4309 1049 4393 praepositi,
1081 4310 1155 4392 quia
1184 4310 1261 4375 velit
1290 4309 1360 4376 dili-
