3225 5017
457 1183 464 1190 ⁸
586 1234 803 1323 capitulum
825 1232 912 1304 x11.

455 1481 633 1578 Stratos
665 1485 711 1577 11
741 1479 1047 1577 commercium.

256 1811 431 1879 Stratae
453 1812 674 1880 australes.

258 1917 286 1982 1.
308 1915 455 1982 ioannes
484 1936 540 1982 rex
564 1967 571 1981 .
597 1965 637 1982 ..
673 1915 842 1984 Nobilibus
873 1917 950 1983 viris
980 1915 1132 1984 Usoensis
1154 1919 1345 2002 provinciae.

149 2020 300 2088 Veridico
329 2022 483 2087 relatione
511 2021 637 2087 Nostris
675 2021 838 2088 auditibus
870 2022 1030 2104 patefecit,
1064 2023 1149 2105 quod
1178 2023 1211 2090 in
1232 2025 1347 2090 vestris

151 2125 349 2192 districtibus
371 2127 404 2191 in
428 2124 586 2207 ungheldo
621 2125 698 2191 salis
730 2144 878 2192 camerae
898 2124 1035 2192 Nostrae
1057 2127 1214 2209 instituto,
1244 2128 1347 2196 miuus

145 2231 234 2316 justo
255 2248 313 2322 per
334 2229 541 2296 deductiones
564 2223 642 2295 salis
664 2228 846 2313 hujusmodi
870 2230 911 2296 de
933 2230 1115 2297 civitatibus
1137 2231 1287 2298 Budewic
1316 2236 1349 2298 11

149 2334 331 2417 Witiguow,
355 2335 388 2400 iu
417 2333 533 2417 quibus
556 2337 590 2399 et
612 2334 775 2416 ungeltum
796 2334 896 2417 recipi
920 2338 969 2400 est
998 2334 1187 2417 discussum,
1217 2337 1349 2420 injurias

150 2459 189 2507 ac
216 2439 444 2523 impedimenta
471 2457 535 2506 nou
563 2439 690 2505 modica
718 2437 889 2522 patiamur.
934 2438 1056 2504 Idcirco
1080 2438 1159 2507 Nob.
1184 2439 1349 2525 1111111-

149 2545 261 2626 rimus,
285 2548 443 2628 quateuus
465 2544 598 2629 iujurias
621 2563 659 2610 ac
680 2543 907 2627 impedimenta
921 2541 1103 2627 hujusmodi
1118 2544 1151 2608 in
1165 2545 1347 2627 recipiendo

148 2649 328 2716 retractetis
357 2653 390 2715 et
411 2649 555 2732 personis
585 2666 644 2731 per
672 2647 710 2713 N.
735 2652 769 2712 et
796 2646 848 2727 N.,
880 2647 965 2713 cives
996 2647 1206 2730 Ohutuenses,
1237 2646 1347 2715 fideles

148 2752 294 2837 Nostros,
318 2771 415 2837 super
440 2772 479 2819 11
509 2752 699 2833 constitutis,
735 2751 890 2817 adversus
919 2751 987 2832 hos,
1021 2751 1077 2835 qui
1099 2751 1210 2818 saled
1235 2772 1292 2819 vos
1313 2754 1347 2819 iu

148 2857 220 2925 Usk
241 2857 432 2926 deduxerint
453 2862 487 2924 et
507 2859 599 2940 sigua
620 2856 728 2922 debita
749 2873 812 2920 non
833 2855 1011 2936 habuerint,
1038 2874 1098 2940 per
1121 2858 1347 2924 arrestationes

148 2967 183 3028 et
206 2963 429 3046 occupationes
452 2980 664 3047 personamm
685 2979 723 3026 ac
744 2979 850 3026 rerum
873 2960 1044 3028 eomudem
1066 2960 1230 3045 justiciam
1260 2962 1347 3029 exhi-

148 3067 253 3135 beatis
275 3068 415 3134 debitam
438 3071 471 3133 st
493 3068 590 3133 etiam
612 3066 793 3150 expeditam
815 3115 823 3132 .
847 3115 855 3130 .
880 3114 888 3130 .
1009 3080 1313 3150 (1111111111.)

255 3243 285 3310 2.
313 3239 410 3309 1336:
431 3243 499 3308 Nos
520 3241 660 3308 Joaunes
683 3291 691 3308 .
715 3290 722 3308 .
747 3289 755 3306 .
778 3239 885 3306 Primo
909 3239 1037 3322 quidem
1062 3241 1208 3308 volumus
1230 3245 1264 3307 et
1284 3245 1348 3308 sta-

147 3349 277 3431 tuimus,
315 3346 401 3430 quod
422 3364 530 3412 omnes
552 3346 696 3412 homiues
727 3348 874 3412 vecturas
904 3343 944 3411 de
973 3344 1105 3414 Austris
1135 3347 1345 3414 1111111111

148 3457 232 3520 tates
253 3451 389 3518 Nostros
411 3451 559 3520 Budweis
594 3455 627 3517 et
659 3450 804 3517 Pisecam
839 3469 910 3516 cum
940 3450 1013 3516 vino
1036 3454 1069 3517 et
1098 3452 1255 3518 mercibus
1290 3470 1346 3518 seu

148 3559 248 3627 rebus
282 3557 355 3622 aliis
387 3556 550 3637 facientes,
583 3559 649 3621 tam
683 3554 855 3621 earundem
892 3555 1026 3620 duarum
1063 3555 1227 3623 civitatum
1260 3556 1345 3622 cives

148 3662 297 3728 Budweis
321 3665 354 3727 et
374 3662 496 3741 Piesca,
518 3678 614 3744 quam
636 3659 700 3740 alii,
723 3659 827 3724 nullas
849 3659 929 3725 alias
952 3664 1174 3744 praeterquam
1204 3680 1262 3744 per
1291 3678 1346 3745 op·

151 3767 261 3852 pidum
284 3765 451 3846 Wodnian,
475 3764 607 3830 dimisso
636 3764 755 3832 ibidem
790 3768 940 3831 consueto
969 3764 1096 3845 telonio,
1128 3765 1263 3830 mansue
1292 3764 1347 3834 de-

149 3872 263 3952 beaut3
298 3869 477 3950 statmmus,
502 3870 587 3953 quod
614 3869 762 3935 similiter
785 3886 893 3938 omues
916 3869 1059 3935 homiues
1090 3868 1130 3933 de
1151 3867 1345 3953 Prachaticz,

149 3974 218 4043 foro
249 3993 362 4042 versus
391 3974 487 4040 11111
510 3978 658 4041 vecturas
679 3973 843 4054 iacientes,
873 3992 910 4040 ac
940 3974 1037 4039 etiem
1066 3991 1175 4039 omnes
1203 3974 1347 4044 homiues

149 4080 190 4147 de
211 4079 289 4147 foris
313 4078 536 4146 Chwalisseusi
559 4083 592 4146 et
613 4077 807 4146 Netoliceuei
831 4096 943 4145 versus
964 4078 1100 4160 Pragam
1122 4078 1174 4144 vel
1190 4075 1347 4144 Chutusm

149 4184 304 4254 similiter
326 4202 398 4251 cum
420 4183 559 4250 vecturis
581 4183 650 4250 suis
671 4185 881 4273 transeuntes,
903 4182 1007 4248 nullas
1029 4182 1109 4248 alias
1131 4182 1228 4248 etism
1255 4199 1347 4266 prae-

152 4295 303 4374 terquam
325 4308 383 4374 per
402 4287 560 4354 Wodnian
582 4287 734 4372 oppidum
755 4307 889 4372 pergere
911 4287 1046 4353 debeant
1067 4290 1101 4353 et
1121 4286 1265 4353 transire.

426 4391 464 4460 (lu
479 4393 591 4460 confimo.
616 4391 699 4447 Wmc.
716 4391 765 4447 IV.
783 4391 876 4455 Pclzcl,
895 4390 930 4442 K.
955 4386 1054 4443 chaol
1071 4390 1118 4444 IV.
1138 4391 1204 4457 dipl.
1222 4387 1309 4455 XIX.)
