3225 5017
220 327 236 373 6
425 322 490 392 Cap.
506 322 528 376 Ι.
546 322 601 377 Res
619 321 655 376 ad
672 322 750 393 regni
769 318 1031 377 administrationem
1050 327 1213 392 spectantes.

220 514 342 579 occulte
369 514 511 597 mpedire
547 514 655 582 forsan
687 515 853 595 voluerint,
888 516 1011 596 regium
1043 515 1230 580 banderinm
1258 513 1412 577 Nostrum

219 618 349 701 erigere,
383 638 514 701 guerras
546 637 673 685 movere
703 622 736 684 et
767 636 825 699 pro
855 617 1042 700 depellenda
1083 616 1226 699 ipsorum
1252 616 1421 699 protervia,

218 722 389 805 assumptis
411 724 470 789 tibi
492 723 617 789 Nostris
640 727 673 788 11
694 720 830 805 praefati
852 723 941 804 regni
963 719 1122 801 fidelibus,
1154 721 1367 785 necessariam
1389 724 1422 783 et

218 830 426 910 opportunam
448 828 552 910 possis
575 827 772 910 diligentiam
794 826 955 892 adhibere.

321 932 439 999 Datum
460 932 648 1015 Nurenberg
670 933 753 999 1397
777 936 836 999 etc.
878 931 929 997 Ad
949 931 1137 998 mandatum
1160 935 1219 995 etc.

321 1071 376 1139 (Ea
392 1071 519 1141 oripiaali
537 1072 566 1125 ia
584 1072 732 1126 collectione
748 1070 933 1140 sappam
945 1088 951 1122 :
984 1070 1077 1138 Pctaet,
1094 1071 1129 1123 Κ
1155 1069 1258 1123 Wenacl
1279 1068 1340 1123 Urlc.
1359 1070 1420 1132 139)

327 1246 357 1312 5.
393 1244 662 1313 Wenceslaus
700 1251 758 1311 etc.
792 1246 950 1310 universis
983 1249 1016 1309 et
1045 1244 1178 1327 singulis
1206 1243 1414 1325 burggraviis,

229 1350 418 1431 castellanis,
448 1369 507 1416 nec
529 1370 591 1416 non
613 1350 877 1433 gubernatoribus
900 1354 1075 1415 castrorum
1103 1349 1193 1431 regni
1214 1348 1315 1413 nostri
1337 1346 1418 1413 Boe·

222 1454 313 1535 miae,
345 1456 559 1539 quuscunque
590 1455 764 1521 nobilitatis
794 1473 851 1522 seu
882 1454 1070 1520 conditionis
1093 1454 1237 1532 existant,
1268 1451 1310 1516 ad
1338 1470 1417 1533 quos

220 1563 403 1641 praesentes
424 1559 635 1643 pervenerint,
657 1558 804 1626 fidelibus
828 1559 895 1625 suis
918 1558 1052 1639 dilectis,
1075 1558 1210 1640 gratiam
1231 1560 1289 1622 etc.

321 1663 447 1729 Fideles
471 1664 597 1730 dilectit
625 1664 708 1743 Quia
722 1664 879 1729 illustrem
892 1662 1090 1745 Procopium,
1113 1662 1336 1728 marchionem
1348 1658 1417 1725 Mo-

218 1767 334 1848 raviae,
365 1768 541 1851 principem
572 1774 605 1834 et
626 1773 776 1852 patruum
797 1766 949 1832 Nostrum
971 1766 1131 1848 dilectum,
1162 1767 1195 1830 in
1218 1766 1416 1847 capitaneum

217 1871 306 1953 regni
328 1871 478 1937 Boemiae
507 1872 726 1955 praefecimus,
758 1872 833 1937 data
863 1872 925 1938 sibi
955 1875 1114 1953 potestate
1136 1870 1287 1952 plenaria,
1318 1873 1354 1933 ut
1382 1869 1416 1933 in

217 1966 360 2041 absentia
390 1976 507 2043 Nostra
532 1978 692 2061 justitiam
722 1977 869 2059 dirigere,
904 1994 1015 2059 pacem
1044 1974 1156 2040 incolis
1185 1992 1354 2057 procurare
1384 1978 1417 2037 et

217 2085 284 2145 tam
307 2080 438 2146 diuitem
460 2101 555 2164 quam
577 2100 749 2165 pauperem
778 2082 811 2146 in
835 2081 901 2146 suis
924 2079 1038 2145 debeat
1063 2080 1188 2163 juribus
1212 2096 1414 2143 conservare:

218 2184 336 2248 idcirco
359 2186 449 2252 vobis
473 2190 505 2250 et
519 2191 660 2252 vestrum
683 2186 813 2253 cuilibet
835 2186 954 2251 seriose
976 2186 1187 2268 praecipimus
1211 2188 1243 2248 et
1262 2184 1321 2250 sub
1336 2183 1416 2264 regii

216 2286 334 2353 favoris
373 2290 503 2354 obtentu
541 2308 690 2372 expresse
726 2290 922 2370 mandamus,
968 2293 1124 2372 quatenus
1160 2289 1201 2353 ad
1238 2286 1415 2371 praefatum
1475 2272 1480 2286 ¹

218 2395 366 2473 patruum
388 2392 540 2459 Nostrum
571 2399 603 2459 et
631 2395 789 2461 neminem
820 2393 919 2458 alium
939 2398 1120 2477 respectum
1141 2393 1268 2472 habere,
1299 2392 1361 2458 sibi
1382 2392 1415 2455 in

219 2496 352 2577 singulis
384 2498 514 2579 agendis
545 2498 696 2563 assistere
727 2517 765 2562 ac
794 2498 897 2579 ipsius
923 2496 1081 2562 mandatis
1106 2500 1268 2579 tamquam
1289 2495 1415 2561 Nostris

219 2600 363 2666 debeatis
385 2598 517 2667 firmiter
538 2602 676 2668 obedire.
700 2601 782 2667 Nam
804 2602 838 2666 in
861 2599 982 2681 casum,¹
1001 2620 1063 2683 quo
1086 2601 1203 2684 aliquis
1216 2606 1358 2666 vestrum
1379 2618 1415 2665 se

215 2704 250 2769 in
270 2704 331 2769 hoc
354 2723 430 2770 casu
454 2711 655 2789 componeret
677 2706 899 2791 (opponeret‘l)
922 2710 956 2769 et
977 2704 1054 2785 suis,
1077 2705 1140 2769 imo
1163 2706 1269 2788 potius
1288 2704 1414 2770 Nostris

217 2807 374 2873 mandatis
398 2810 526 2876 obedire
547 2810 681 2887 forsitan
703 2815 874 2891 recusaret,
905 2814 1020 2875 extunc
1041 2810 1146 2877 eidem
1171 2815 1284 2892 patruo
1306 2814 1414 2878 nostro

217 2912 430 2978 commisimus
465 2918 497 2979 et
527 2914 672 2980 dedimus
705 2915 880 2999 plenariam
908 2914 1025 2980 Nostro
1057 2915 1183 2979 nomine
1215 2919 1413 2997 potestatem,

214 3016 311 3081 talem
341 3018 380 3083 ab
411 3015 514 3083 officio
546 3036 603 3083 suo
630 3018 824 3084 destituendi
855 3023 886 3083 et
916 3019 1014 3084 alium
1044 3019 1114 3084 loco
1143 3020 1194 3084 sui
1215 3019 1412 3098 instituendi,

216 3121 291 3186 dum
315 3126 347 3185 et
368 3124 515 3204 quotiens
536 3122 633 3187 tuerit
656 3128 867 3205 opportunum
907 3128 947 3188 tc.
979 3124 1101 3208 (1397).
1140 3117 1147 3139 ''

320 3261 358 3327 (E
373 3261 427 3313 cod.
448 3260 554 3313 Tretos.
575 3258 600 3311 0.
619 3262 648 3312 3:
671 3259 796 3327 Pelacky',
814 3261 1012 3313 revecturae
1029 3261 1066 3311 II.
1085 3265 1144 3313 120.
1168 3262 1206 3327 tf.
1224 3261 1319 3314 itidem
1338 3265 1408 3328 111).

319 3435 348 3500 6.
372 3431 642 3499 Wenceslaus
665 3470 707 3481 -
728 3470 772 3482 —
795 3433 961 3501 Universis
991 3439 1024 3501 et
1046 3436 1180 3518 singulis
1203 3436 1408 3519 principibus,

216 3538 443 3605 ecclesiasticis
484 3541 516 3601 et
557 3538 762 3619 secularibus,
804 3539 965 3621 praelatis,
1007 3539 1164 3621 capitulis,
1207 3542 1412 3608 conventibus

216 3642 423 3707 ecclesiarum
445 3644 477 3706 et
498 3643 763 3707 monasteriorum
781 3661 819 3707 ac
836 3643 931 3707 etiam
953 3643 1120 3723 nobilibus,
1147 3646 1318 3711 baronibus
1341 3649 1410 3723 etc,

216 3746 413 3829 caeterisque
442 3746 530 3828 regni
560 3745 671 3811 Nostri
697 3747 848 3812 Boemiae
878 3748 1014 3813 subditis
1044 3752 1077 3811 et
1105 3746 1252 3815 fidelibus
1275 3799 1408 3815 .....

318 3851 402 3929 Quia
417 3851 573 3916 illustrem
590 3850 611 3915 J
613 3851 747 3917 odocum
761 3850 1018 3939 marchionem..
1033 3902 1040 3916 .
1057 3853 1269 3918 venerabilem
1284 3852 1412 3919 Sbinco·

214 3973 286 4019 nem
309 3954 583 4037 archiepiscopum
604 3956 797 4037 Pragensem
820 4006 827 4020 .
852 4006 859 4020 .
884 4007 891 4021 .
916 4007 923 4021 .
947 3975 985 4021 ac
1006 3956 1129 4021 nobiles
1150 3955 1348 4022 Boczkonem
1370 3957 1411 4021 de

213 4058 401 4141 Podyebrad
424 4064 456 4123 et
477 4058 695 4124 Brzenlronem
718 4059 757 4123 de
780 4058 856 4123 Skal
885 4060 964 4125 alias
988 4060 1028 4124 de
1051 4059 1190 4141 Suinow,
1215 4062 1410 4126 consiliarios

213 4162 441 4229 Nostros...
478 4169 510 4228 et
543 4163 716 4245 quemlibet
748 4164 890 4245 ipsorum
923 4164 1105 4247 capitaneos
1139 4166 1228 4247 regni
1261 4165 1411 4231 Boemiae

214 4286 315 4349 usque
338 4268 379 4332 ad
402 4268 572 4333 adventum
593 4268 746 4334 Nostrum
769 4269 989 4333 constituimus
1013 4274 1046 4333 et
1066 4268 1200 4334 facimus
1222 4270 1411 4335 auctoritate

213 4372 302 4452 regia
317 4371 467 4437 Boemiae
489 4392 547 4455 per
561 4377 755 4454 praesentes,
779 4373 892 4446 dantes
907 4379 940 4438 et
955 4373 1161 4439 concedentes
1180 4374 1259 4454 ipsis
1275 4374 1411 4438 auctori·
1448 4401 1465 4421 ν
