3225 5017
271 333 321 382 282
703 327 767 397 Cap.
785 327 833 381 IX.
851 316 1031 383 Universitas.

269 534 319 588 pro
338 516 503 587 doctoribus,
520 517 689 590 baccalariis‚
708 517 876 588 singulisque
900 517 1074 573 studentibus
1089 517 1161 588 juris
1180 519 1303 574 canonici
1327 519 1463 586 (nationis

267 605 457 682 Bohemorum,
475 605 594 660 nationis
612 606 789 674 Bavarorum,
806 604 926 661 nationis
943 603 1108 662 Polonorum
1126 613 1154 662 et
1167 606 1285 661 nationis
1297 606 1458 675 Saxonum),

268 692 316 760 qui
332 693 472 762 elegerunt
489 692 517 747 in
535 699 668 749 rectorem
687 708 766 747 suum
784 691 811 746 d.
828 693 966 747 Joannem
984 694 1109 749 comitem
1128 693 1161 749 de
1179 695 1338 764 Perusteyn.

950 783 1032 850 (Mon.
1051 783 1110 837 bist.
1133 782 1208 834 ch‘v.
1226 783 1263 834 11.
1282 786 1307 835 1.
1322 800 1353 847 p.
1370 782 1426 848 28.)

370 897 404 948 A.
431 895 465 948 D.
493 900 560 948 1373
585 893 656 948 circa
679 893 779 950 festum
804 894 922 965 Phihppi
944 899 972 949 et
997 895 1108 964 Jacobi3
1127 934 1134 948 .
1153 932 1159 945 .
1179 934 1185 948 .
1204 893 1318 948 Carolus
1336 892 1383 946 IV.
1402 934 1410 947 .
1428 933 1435 948 .
1456 934 1463 947 .

267 977 420 1051 imperatur
438 987 466 1036 et
482 980 610 1036 Boemiae
632 996 682 1036 rex
765 981 800 1036 ad
817 981 977 1036 instantiam
995 988 1023 1036 ct
1040 981 1260 1052 procurationem
1279 979 1460 1046 dominorum,

269 1068 313 1123 Jo.
331 1069 482 1139 praepositi
498 1069 527 1122 in
546 1069 696 1138 Cranzoge,
713 1074 778 1122 tunc
794 1069 918 1139 motoris,
936 1076 964 1124 et
975 1067 1114 1124 Wilhelmi
1127 1067 1224 1123 ducam
1235 1067 1463 1136 Hamburgensis‚

246 1171 249 1181 ¹
268 1154 438 1211 decretorum
451 1155 579 1225 doctoris,
594 1155 732 1211 ordinarie
744 1157 903 1214 Decretales
921 1172 972 1227 pro
984 1162 1051 1212 tuuc
1061 1157 1186 1226 legentis,
1198 1154 1336 1225 quandam
1351 1154 1465 1209 domum

269 1242 349 1297 sitam
367 1243 396 1296 in
414 1243 503 1300 media
520 1245 629 1299 civitate
646 1245 777 1315 Prageusi
795 1244 869 1316 apud
895 1245 1038 1300 ecclesiam
1055 1245 1081 1299 S.
1105 1243 1203 1303 Jacobi
1224 1243 1253 1296 in
1276 1242 1376 1312 angulo
1404 1282 1411 1296 .
1430 1283 1438 1296 .
1458 1280 1466 1296 .

267 1345 317 1399 pro
336 1335 387 1384 150
405 1346 461 1386 sex.
480 1347 497 1386 a
514 1331 655 1387 Pessclino
673 1331 857 1402 camerlingho
876 1347 926 1388 suo
950 1330 1118 1404 compararit
1141 1337 1169 1385 et
1191 1329 1371 1385 Universitati
1393 1327 1466 1395 juri-

269 1423 372 1471 starum
390 1417 465 1473 dedit
482 1425 509 1474 et
527 1419 685 1489 assignavit,
703 1435 786 1490 quam
803 1418 959 1490 praedictus
978 1419 1003 1474 d.
1023 1417 1184 1473 Wilhelmus
1209 1415 1306 1472 doctor
1329 1416 1363 1470 de
1380 1415 1466 1469 bene-

268 1504 368 1574 placito
386 1503 450 1560 dicti
469 1505 494 1560 d
512 1505 688 1577 Imperatoris
707 1506 819 1562 intrarit
837 1513 865 1562 et
880 1506 1050 1564 inhabitavit.
1362 1503 1425 1572 (It.)

373 1635 406 1690 A.
423 1635 458 1690 D.
479 1642 554 1690 1313.
573 1637 607 1691 D.
626 1636 749 1692 Joannes
769 1636 814 1706 (de
833 1636 994 1707 Granzoge),
1012 1643 1077 1691 tunc
1094 1641 1191 1704 rector,
1209 1641 1314 1693 statuta
1327 1631 1466 1704 quaedam

269 1721 302 1777 de
326 1722 438 1777 consilio
463 1730 491 1778 et
513 1740 650 1780 consensu
676 1723 746 1778 XVI·
767 1724 993 1794 consiliariorum,
1016 1723 1051 1778 ad
1074 1724 1127 1778 hoc
1151 1738 1202 1800 per
1219 1729 1305 1778 totam
1322 1719 1465 1776 Universi·

267 1816 350 1868 tatem
368 1810 548 1882 (juristarum)
568 1812 714 1866 electorum
733 1816 760 1866 et
778 1811 978 1882 deputatorum,
997 1812 1122 1882 concepit
1139 1818 1167 1866 et
1185 1810 1310 1879 correxit,
1334 1807 1383 1864 sed
1407 1823 1467 1862 nou

267 1897 424 1966 publicavit,
441 1913 512 1967 quae
530 1914 673 1954 successor
691 1915 758 1955 suus
776 1899 916 1969 publicare
934 1906 962 1955 et
979 1899 1107 1971 expedire
1124 1904 1261 1969 procuret.

922 1987 1004 2055 (Moo.
1022 1988 1081 2042 hist.
1104 1986 1178 2040 Unio.
1196 1987 1233 2040 Π.
1251 1990 1277 2040 1.
1292 2003 1356 2055 pap.
1373 1985 1429 2050 25.)

373 2113 448 2162 1378.
484 2106 607 2162 Ioannes
626 2107 775 2178 Slepekow,
799 2115 889 2165 rector
911 2108 1104 2164 Universitatis
1131 2108 1301 2177 juristarum,
1327 2105 1466 2177 picturam

269 2193 405 2248 ordinavit
430 2193 466 2249 ad
493 2200 624 2264 utrasque
650 2202 745 2266 portas
769 2235 776 2249 .
804 2237 811 2251 .
838 2237 846 2252 .
868 2203 936 2253 1383
961 2196 1076 2252 Carolus
1103 2196 1224 2265 Haquini
1250 2193 1466 2249 archidiaconus

267 2280 439 2350 Upsalcnsis,
466 2286 531 2334 tunc
547 2289 637 2338 rector
663 2283 742 2338 Uniu.
765 2283 830 2353 jur,
857 2281 995 2338 aedificari
1018 2282 1083 2337 iecit
1105 2299 1192 2338 novas
1220 2282 1310 2338 scolas
1333 2282 1362 2336 in
1385 2282 1469 2336 curia

268 2369 462 2424 Universitatis
480 2386 530 2440 pro
548 2371 665 2424 Decreto
684 2376 712 2425 et
728 2370 905 2425 Lectionibus
924 2369 1149 2424 extraordinariis
1167 2377 1218 2425 etc.

373 2464 448 2512 1393.
466 2459 538 2527 Mag.
557 2458 680 2512 loannes
699 2455 825 2512 Westual
841 2464 932 2513 rector
951 2457 1149 2526 theologorum,
1169 2456 1334 2512 medicorum
1352 2461 1381 2510 et
1397 2455 1466 2509 arti·

269 2551 380 2613 starum,
398 2551 425 2599 et
442 2560 512 2614 mag.
530 2544 695 2600 Bertholdus
713 2543 748 2600 de
765 2545 908 2616 Wachiug,
926 2550 1018 2600 rector
1031 2544 1397 2613 universitatisJ'uristarum,
1411 2548 1466 2597 etc.

321 2645 326 2658 ‘
1157 2633 1248 2701 (Liber
1266 2634 1313 2687 313.
1332 2633 1426 2700 Pras.)

372 2751 440 2801 1404
476 2745 623 2815 Collegium
638 2746 809 2816 juristarum.
829 2753 896 2801 1406
913 2747 995 2802 Scola
1009 2746 1179 2815 juristarum.

374 2839 448 2888 1413.
467 2834 499 2888 11
517 2833 648 2903 parochia
659 2833 790 2904 ecclcsiae
801 2834 828 2888 S.
840 2834 946 2889 Mariae
959 2838 1023 2887 ante
1032 2833 1147 2889 Laetam
1160 2833 1262 2888 curiam
1275 2837 1317 2888 est
1326 2827 1465 2901 quaedam

269 2919 365 2974 domus
393 2935 443 2974 seu
469 2921 600 2990 palatium
626 2937 677 2991 pro
707 2921 836 2975 exercitio
867 2935 916 2975 seu
945 2920 1050 2975 lectura
1075 2920 1237 2988 jnristarum
1266 2919 1464 2976 Universitatis

268 3007 356 3061 Studii
371 3007 516 3076 Pragensis
534 3007 703 3078 deputatum,
720 3008 826 3063 habens
844 3007 931 3064 salam
950 3008 1076 3078 superius
1095 3023 1220 3078 magnam
1238 3012 1266 3064 31
1292 3007 1464 3076 solempnem

268 3114 328 3152 cum
347 3096 476 3152 cathedra
494 3104 522 3153 et
538 3099 651 3155 banchis
671 3115 719 3155 seu
738 3099 858 3156 scamnis
878 3101 1078 3170 praemunitam
1101 3100 1236 3169 (paratam
1259 3112 1310 3166 per
1332 3093 1463 3149 Carolum

267 3184 389 3253 Haquini
405 3187 518 3242 rectoris
537 3203 622 3257 supra
640 3188 801 3258 memorati).
957 3256 962 3267 ·

372 3279 542 3330 1413-1419
562 3274 653 3330 scolae
667 3276 839 3343 juristarum.
859 3281 1030 3331 rma-1429
1049 3273 1197 3343 Collegium
1211 3271 1383 3343 juristarum.
1433 3273 1437 3279 '

1161 3360 1424 3430 (1111111111.)

373 3485 421 3548 11.
461 3482 696 3567 Collegium
718 3487 832 3570 regis
855 3486 1091 3551 Weuceslai
1114 3484 1352 3567 1380-1381.)

372 3610 448 3659 1331.
482 3605 566 3660 Sexta
588 3604 657 3661 feria
680 3607 709 3661 in
733 3609 853 3663 crastino
871 3606 1018 3675 Valentini,
1036 3606 1080 3661 die
1102 3605 1160 3662 XV.
1184 3606 1286 3661 mensis
1307 3604 1463 3673 Februarii,

268 3691 409 3748 constituti
435 3707 525 3748 coram
553 3692 696 3749 Cunssone
722 3695 823 3751 vicario
850 3695 974 3764 magistri
996 3695 1171 3751 Hermannus
1198 3694 1328 3764 physicus
1353 3710 1403 3749 suo
1431 3700 1463 3748 et

268 3780 377 3835 nomine
394 3781 585 3851 magistrorum
602 3781 674 3837 Novi
692 3783 798 3853 collegii
815 3782 971 3838 wenceslai
989 3781 1067 3838 Rom.
1090 3788 1118 3837 et
1139 3781 1209 3838 Boh.
1232 3781 1314 3851 regis,
1339 3779 1463 3836 confessi

268 3874 341 3937 sunt,
368 3884 398 3924 se
423 3869 553 3925 habuisse
577 3874 605 3924 et
628 3869 731 3928 habere
750 3870 907 3928 CLXXXII.
935 3886 992 3927 sex.
1016 3888 1055 3941 gr.
1072 3886 1122 3941 pro
1146 3869 1261 3925 emendo
1284 3883 1373 3928 ceusu
1394 3867 1463 3924 dicti

269 3955 381 4026 Collegii
397 3955 476 4010 XIIII
503 3973 560 4012 sex.
578 3974 618 4026 gr.
636 3960 715 4029 Prag,
741 3965 770 4014 et
796 3958 978 4015 exhibuerunt
1003 3958 1139 4029 quandam
1164 3957 1273 4013 literam
1299 3956 1461 4014 confectam.

268 4043 343 4112 Quae
370 4044 461 4098 omnia
487 4042 702 4102 dom.'ricarius
727 4045 891 4101 auctoritate
917 4044 1048 4100 ordinarii
1074 4043 1251 4100 confirmavit.

700 4134 773 4204 (Ood.
791 4153 860 4190 mco.
880 4134 965 4202 Capit.
984 4137 1064 4204 Prcp.
1085 4134 1182 4213 Tomelc¹
1195 4133 1263 4202 Dh'e
1279 4132 1350 4188 unic.
1371 4133 1424 4202 60.)

371 4250 436 4301 1381
463 4243 571 4301 Novum
588 4247 730 4318 collegium
749 4246 1102 4303 Weuceslai.1399-1409
1129 4244 1158 4300 in
1184 4245 1315 4318 parochia
1337 4246 1363 4302 8.
1388 4247 1461 4302 Calli

269 4333 416 4404 Collegium
433 4333 506 4404 regis
524 4333 695 4406 Weuceslai;
715 4340 886 4391 1410-1429
905 4334 1002 4391 domus
1020 4334 1125 4405 collegii
1142 4333 1215 4404 regis
1232 4333 1276 4388 W.

1149 4424 1262 4490 (nomm,
1283 4424 1424 4493 deludy.)
