3225 5017
109 394 112 401 ι
260 326 293 372 24
461 302 565 389 CapsI.
583 320 638 375 Ros
657 321 692 375 ad
710 322 786 391 regni
804 320 1069 377 administrationem
1089 330 1257 393 spectantes.

483 488 484 498 .
702 464 715 493 ι
1432 496 1434 499 .

260 502 358 578 c'tibu's,
380 504 588 566 obventionibus
612 504 640 566 et
663 513 835 582 pertinentiis
860 513 951 582 castri,
976 513 1070 584 oppidi
1094 520 1123 569 et
1146 514 1271 569 villarum
1295 512 1459 589 huiusmodi,

259 596 358 665 quibus
377 596 457 651 etiam
475 604 593 667 possunt
607 596 745 668 designari
757 599 948 668 nominibus,'
939 616 968 653 m
988 593 1081 655 verdm
1097 602 1292 673 proprietatem
1310 607 1338 655 et
1354 600 1460 655 heredi-

260 690 302 757 tat
303 700 345 738 em
363 690 523 767 perpetuam
542 684 625 760 dedit,
644 686 803 741 contulit
776 693 803 741 e
821 686 964 741 donavit.

324 761 488 827 Gastrum
505 752 619 827 Potenst
608 774 664 828 tein
682 790 743 828 cum
761 774 862 844 oppido
878 728 1015 829 Kostelec.
1025 774 1241 845 impignoratum
1259 783 1303 831 est
1319 776 1459 830 Vladislao

259 853 422 915 etBolkoni
441 859 555 915 ducibus
574 860 702 931 Opoliae:
729 861 790 915 List
808 860 851 916 Vl.
870 861 935 916 aB.
954 862 1066 916 knieiat
1084 862 1254 933 Opolskych‚
1277 881 1295 918 v
1318 864 1396 917 nemi
1413 880 1459 933 vy-

258 932 367 1016 zndvsjl
390 961 407 1001 a
431 940 524 1016 slibujl
548 948 645 1003 ciesaii
669 948 782 1002 Karlovi
806 964 824 1001 a
847 948 920 1002 lrrtli
943 947 1118 1017 Vacslavovi,
1139 949 1285 1024 kdyth
1273 948 1325 1019 Jim
1348 948 1460 1003 lrolivelr

257 1028 355 1091 zameis
367 1035 534 1090 Scheczelovv
553 1036 586 1105 (1)
604 1015 774 1105 vJsvobodili
791 1051 809 1090 a
826 1054 843 1090 v
857 1036 915 1104 jich
930 1037 1004 1091 ruku
1022 1036 1109 1105 deli‚
1126 1039 1158 1091 ie
1170 1053 1235 1092 zase
1253 1037 1350 1091 atmelr
1361 1036 1458 1090 Poten-

171 1160 172 1163 ,
257 1122 329 1176 stein
348 1137 365 1176 a
383 1111 453 1177 mest
442 1127 470 1178 to
488 1122 646 1179 Kosczelicz
663 1139 714 1194 pos
716 1121 797 1193 tupiti
816 1123 890 1191 maji.
908 1122 1014 1177 Datum
1036 1128 1111 1177 1366.
1129 1122 1183 1192 (Ex
1201 1124 1274 1178 arch.
1293 1123 1407 1192 Karlst.)
1448 1141 1451 1145 ⁴

839 1404 974 1469 G..

548 1521 763 1588 Vv'llr'cotiooea
785 1526 893 1610 sepiae
908 1546 974 1609 per
995 1523 1170 1590 Boeotiam.

259 1718 262 1724 ’
336 1746 342 1751 .
362 1712 552 1767 Villicatio
570 1710 795 1786 Budynensis
816 1716 881 1787 (44).
898 1716 958 1772 Nos
976 1715 1058 1770 W...
1077 1713 1151 1785 quod
1168 1712 1266 1770 dilecto
1285 1714 1366 1769 uobis
1378 1713 1459 1770 N

258 1800 449 1855 villicationem
467 1808 590 1856 nostram
608 1802 637 1856 iu
654 1802 753 1873 Budyn
771 1818 788 1857 a
806 1802 877 1858 festo
896 1843 1006 1860 .....
1024 1803 1149 1874 proxime
1167 1800 1285 1858 affuturo
1303 1817 1391 1871 usque
1410 1816 1460 1874 per

258 1888 339 1942 trium
358 1902 492 1943 annorum
512 1889 631 1959 spatium
650 1930 656 1945 .
676 1918 690 1945 .=
702 1906 751 1960 pro
771 1890 791 1943 C
809 1892 909 1946 marcis
927 1890 1033 1960 argenti
1050 1889 1198 1944 locavimus
1218 1888 1266 1957 sic,
1287 1894 1318 1943 ut
1336 1890 1374 1957 (1)
1393 1904 1458 1957 quo-

257 1976 324 2050 libet
342 1974 375 2029 de
393 1975 540 2045 praedictis
558 1976 640 2031 annis
657 1976 686 2030 in
706 1984 831 2045 quatuor,
847 1976 935 2032 diviso
953 1982 1078 2047 tempora
1095 1982 1123 2029 et
1141 1974 1291 2033 secundum
1312 1974 1365 2029 hoc
1381 1990 1459 2046 prae·

258 2058 336 2129 dictis
359 2062 388 2127 in
406 2069 523 2133 quatuor
548 2068 641 2133 partes
660 2062 754 2119 divisis
773 2064 881 2132 marcis,
905 2080 970 2135 pars
988 2064 1121 2134 pecuniae
1144 2063 1179 2119 de
1197 2062 1318 2132 quolibet
1335 2066 1458 2132 tempore

257 2144 391 2219 'deputata
414 2157 526 2205 nostrae
551 2164 674 2205 camerae
691 2157 898 2221 praesentetur;
919 2151 962 2220 (2)
986 2149 1035 2203 tali
1053 2149 1173 2204 in‘dicta
1189 2148 1326 2205 locatione
1345 2142 1458 2211 ¹servato

260 2234 453 2305 moderamine,
477 2242 509 2291 ut
527 2236 632 2305 siquis
648 2234 682 2291 de
701 2238 779 2292 bonis
799 2238 900 2307 aliqua,
923 2252 994 2305 quae
1012 2235 1047 2290 ad
1066 2234 1166 2291 dictam
1184 2236 1376 2291 villicationem
1393 2242 1459 2290 tem·

257 2320 324 2396 pore
343 2324 430 2394 patris
448 2324 537 2392 nostri
555 2324 726 2395 spectabant,
749 2331 883 2396 occupata
900 2324 1019 2379 tenuerit
1036 2330 1063 2377 et
1081 2322 1117 2377 ad
1134 2323 1199 2377 dicti
1213 2323 1248 2378 N.
1265 2313 1387 2393 regimen
1404 2318 1459 2377 non

258 2399 387 2480 poterunt
411 2410 562 2482 pervenire,
590 2417 690 2465 extunc
714 2410 820 2466 fructus
848 2411 906 2466 sive
932 2417 1082 2482 proventus
1110 2410 1243 2466 dictorum
1266 2412 1401 2467 bonorum
1425 2401 1460 2465 de

256 2497 397 2569 praedicta
414 2500 530 2568 pecunia
547 2498 700 2553 tenebimur
718 2496 860 2552 defalcare.
892 2499 932 2567 (3)
950 2496 994 2553 Ad
1010 2497 1064 2553 hoc
1081 2498 1206 2554 volumus
1225 2542 1231 2553 .
1252 2541 1258 2553 .
1277 2540 1284 2553 .
1303 2541 1310 2554 .
1329 2498 1458 2553 universa

259 2585 379 2645 claustra
404 2591 431 2639 et
456 2585 642 2640 claustralium
666 2584 739 2639 bona
760 2584 835 2638 intra
852 2585 984 2640 terminos
1008 2584 1097 2640 dictae
1115 2585 1288 2641 villicationis
1313 2585 1460 2641 existentia

254 2666 348 2729 ‘dictus
366 2669 400 2725 N.
412 2677 509 2735 nostra
527 2670 689 2724 auctoritate
703 2675 729 2724 et
742 2670 860 2739 nomine,
878 2670 1106 2739 quemadmodum
1123 2678 1246 2744 tempore
1263 2674 1350 2744 patris
1363 2666 1459 2740 nostri,

258 2756 517 2826 defensare‘debeat
536 2765 563 2812 et
580 2756 660 2826 tueri,
678 2758 887 2829 praecipientes,
912 2764 943 2812 ut
960 2759 1052 2814 nullus
1070 2757 1105 2813 de
1123 2758 1203 2815 dictis
1221 2761 1413 2815 claustralibus
1431 2767 1460 2813 et

256 2854 379 2916 ipsorum
397 2840 476 2899 bonis
496 2851 605 2915 praeter
623 2844 777 2915 praefatum
794 2844 890 2900 N...
909 2861 940 2901 se
957 2846 1137 2902 intromittere
1156 2835 1255 2902 debeat
1272 2846 1459 2901 adtuendam.

258 2935 295 3000 (4)
308 2932 419 2988 Talibus
437 2932 589 2999 interjectis
608 2932 818 3000 conditionibus,
837 2939 868 2987 ut
884 2934 1025 3005 praefatus
1043 2934 1097 2991 N..
1111 2976 1127 3003 .,
1145 2934 1248 2988 dictum
1266 2933 1384 2990 officium
1397 2950 1458 2989 cum

257 3019 360 3081 eisdem
375 3019 487 3087 juribus
507 3025 534 3073 et
551 3020 733 3090 pertinentiis,
751 3020 850 3089 quibus
868 3026 992 3092 tempore
1009 3022 1097 3093 patris
1115 3022 1203 3080 nostri
1220 3022 1303 3077 villici
1319 3014 1459 3092 regebant,

256 3106 350 3175 regere
368 3104 468 3161 debeat
486 3111 513 3159 et
530 3111 631 3161 tenere.
668 3108 706 3176 (3)
724 3106 761 3160 Et
778 3114 892 3177 propter
909 3107 962 3163 hoc
986 3108 1075 3164 dictus
1092 3108 1127 3163 N.
1145 3150 1152 3163 .
1173 3150 1179 3163 .
1203 3110 1231 3163 in
1249 3110 1374 3180 praefata
1391 3110 1459 3184 villi-

258 3194 364 3252 catione
384 3199 417 3248 15
436 3199 564 3257 araturas¹
580 3193 700 3264 perfecte
718 3192 847 3263 expedire
865 3194 946 3249 debet
970 3196 1124 3266 sumptibus
1147 3196 1266 3266 propriis
1284 3187 1316 3249 et
1327 3186 1458 3267 expensis

257 3282 306 3350 ita,
326 3287 357 3336 ut
368 3280 500 3336 revolutis
512 3279 659 3350 praedictis
678 3280 765 3335 tribus
784 3280 865 3335 annis
883 3280 960 3351 ipsas
978 3289 1105 3337 araturas
1123 3284 1358 3353 prout'convenit,
1377 3276 1458 3352 expe-

257 3369 329 3425 ditas
348 3377 376 3424 et
394 3368 543 3425 seminibus
555 3367 675 3438 perfecte
691 3368 837 3439 adaptatas
850 3374 952 3439 etpost
966 3370 1114 3438 quamlibet
1127 3358 1265 3425 araturam
1283 3360 1459 3441 duopecora,

255 3472 307 3515 sex
325 3461 436 3521 oveset
409 3453 524 3519 etduos
542 3471 651 3526 porcos
660 3453 1036 3527 nobisrelinqueredebeat.
1067 3445 1342 3526 (minuissem.)

309 3598 312 3605 ,
363 3550 438 3598 1336.
464 3542 587 3598 Joannes
606 3558 668 3597 rex:
706 3543 771 3598 Cast
760 3550 832 3597 trum
855 3549 980 3599 nostrum
997 3542 1113 3616 Budynd
1136 3557 1212 3599 cum
1221 3535 1322 3615 oppido
1340 3537 1455 3615 Budy'nd

258 3630 327 3699 (44)
331 3646 363 3685 ac
380 3632 451 3695 villis
469 3615 648 3701 Zaboviesky
666 3631 732 3701 (44),
749 3630 872 3684 Bieiant
898 3632 963 3700 (45),
983 3630 1060 3703 Pisty
1079 3633 1144 3701 (45),
1166 3631 1302 3703 Brvvyczie
1320 3623 1365 3700 (1),
1382 3626 1456 3686 Rud-

255 3716 338 3781 uldek
357 3718 414 3787 (45)
434 3717 469 3773 ad
487 3716 542 3773 dict
531 3723 588 3773 tum
607 3724 727 3773 castrum
745 3717 870 3788 Budynie
895 3719 1133 3788 spectantibus..
1154 3719 1301 3789 ..(Ohyt
1318 3718 1379 3802 VII.
1398 3725 1457 3806 105.

256 3803 327 3860 Eml.
338 3796 395 3864 IV.
412 3799 483 3875 165).

361 3960 548 4017 Villicatio
577 3961 869 4018 Zbraslaviensis
899 3964 982 4034 (148).
1018 3962 1153 4019 Otacarus
1174 3962 1210 4018 11.
1232 3962 1457 4018 Remotontcivi

255 4049 388 4120 Pragensi
412 4048 603 4105 villicationem
626 4050 656 4104 in
674 4049 822 4105 Zbraslavs
845 4050 945 4105 locavit
967 4065 1017 4121 per
1040 4056 1157 4119 quatuor
1181 4063 1314 4104 annorum
1337 4047 1459 4120 spatium.

256 4126 452 4217 possidendam
471 4150 521 4205 pro
540 4142 591 4191 200
609 4138 727 4192 marchis
748 4139 914 4207 argsregiae
938 4152 1062 4192 camerae
1078 4137 1121 4192 'ab
1145 4136 1240 4193 eodem
1258 4131 1455 4207 persolvendis

256 4213 456 4285 Exhibebitt
429 4223 511 4277 etiam
532 4222 611 4279 uobis
629 4218 701 4279 idem
719 4224 752 4279 R.
771 4240 907 4295 expensas
931 4241 981 4297 per
997 4240 1080 4279 unam
1100 4225 1285 4294 septimanam
1304 4225 1455 4292 annuatim,

257 4301 483 4381 quandocumque
503 4324 558 4367 nos
581 4312 654 4368 intra
677 4328 789 4368 annum
803 4328 837 4367 ex
854 4313 908 4368 illis
931 4313 1019 4368 tribus
1043 4312 1071 4365 in
1090 4301 1185 4410 eadem
1203 4312 1381 4415 villicatione
1392 4325 1455 4413 tou·

257 4399 351 4467 tigerit
369 4400 530 4454 commorari
549 4399 628 4467 (Eml.
646 4402 681 4454 ΙΙ.
700 4400 795 4467 3308.)

1600 2863 1602 2974 ι
