3225 5017
585 336 650 408 Cap.
667 334 714 391 IX.
732 334 911 391 Universitas.
1292 340 1343 415 299
1401 301 1405 310 ,

254 530 335 584 ‘Anno
359 528 472 584 Domini
489 526 633 597 Meceni,
658 526 701 583 die
725 512 830 584 XXVII
846 528 949 597 mensis
967 526 1143 597 Septembris,
1159 526 1189 581 ln
1206 532 1344 581 rectoratu
1365 511 1368 521 ’

149 632 219 685 mag.
250 616 403 672 Zdencouis
431 616 466 673 de
489 616 596 684 Labun,
620 616 694 670 facta
719 614 802 686 plena
824 616 1035 685 congregatione
1061 612 1262 681 Universitatis,
1292 614 1343 669 sub

148 719 239 774 poena
253 704 365 759 debitae
382 704 555 769 obedientiae
573 710 601 759 et
618 720 673 758 non
694 702 906 771 contradicendi,
929 707 958 757 et
979 706 1062 771 prout
1085 698 1216 770 diligintis
1241 700 1344 755 bonum

148 790 351 861 UniversItatis,
378 792 536 848 conclusum
563 798 614 861 est,
638 789 711 860 quod
736 791 817 846 litera
842 791 918 861 regia
943 788 1119 859 infrascripta
1140 788 1170 844 in
1193 788 1293 844 librum
1314 795 1343 844 et

148 878 258 932 Statuta
275 877 468 934 Universitatis
487 880 521 933 de
538 880 621 935 uerbo
641 877 676 935 ad
694 879 805 934 verbum
823 878 968 933 inseratur.
1115 951 1116 956 ἵ

253 960 653 1037 Quae'conclusio'publicata
677 973 720 1023 est
743 981 834 1021 coram
857 965 1053 1022 convocatione
1077 970 1104 1020 et
1131 964 1341 1033 congregatione

146 1051 240 1108 totius
251 1052 443 1109 Universitatis
462 1053 569 1124 publice
587 1052 682 1110 eodem
701 1069 783 1123 anno,
801 1054 846 1109 dle
862 1049 938 1108 XIII.
956 1052 1091 1121 Octobris,
1103 1052 1133 1106 in
1144 1050 1257 1109 lectorio
1270 1048 1341 1105 ordi-

147 1140 287 1195 nariarum
305 1139 530 1212 disputatorum.
548 1141 585 1196 Ει
601 1142 705 1212 placuit
722 1148 750 1196 et
766 1147 881 1210 accepta
904 1144 947 1195 est
964 1140 999 1195 ab
1022 1140 1149 1195 omnibus
1166 1137 1341 1207 unanimiter,

147 1228 258 1283 nemine
276 1228 489 1285 contradicente.

252 1368 497 1438 Honorabilibus
520 1371 635 1437 rectori
651 1374 683 1437 et
697 1370 757 1437 toti
772 1356 1219 1451 Universitatimagistrorum
1239 1366 1343 1433 Studii

146 1471 326 1558 Prageusis,
351 1475 474 1541 devotis
495 1473 621 1541 Nostris
635 1475 778 1540 dilectis.

252 1578 458 1645 Weuceslaus
479 1579 542 1644 Dei
572 1580 675 1662 gratia
695 1578 909 1645 Romanorum
938 1596 995 1643 rer
1025 1593 1150 1660 semper
1179 1577 1343 1660 Angustus

150 1685 184 1747 et
206 1682 356 1749 Boemiae
377 1702 433 1749 ren
456 1686 514 1749 etc.

252 1785 471 1869 Honorabiles,
495 1788 611 1868 devoti,
635 1786 759 1853 dilectit
798 1787 996 1871 Quamquam
1019 1775 1158 1852 omnium
1179 1786 1341 1855 hominum

149 1893 348 1981 commodum
380 1893 570 1975 generaliter
602 1893 766 1959 intendere
796 1891 972 1973 teneamur,
1004 1911 1067 1957 uon
1096 1897 1203 1958 tamen
1229 1891 1344 1957 identi-

149 1994 221 2063 dem
243 1996 395 2063 debemus
417 1997 526 2064 Iavere
548 1998 694 2079 sollicite,
717 2001 753 2063 ut
776 2015 886 2063 eorum
906 1996 1022 2078 forsan,
1048 1997 1103 2079 qui
1124 2016 1181 2080 pro
1203 1997 1345 2061 locorum

149 2104 182 2166 et
202 2104 380 2186 temporum
402 2104 454 2170 rel
476 2103 654 2187 aliquarum
675 2103 810 2169 aliarum
830 2122 937 2169 rerum
957 2101 1247 2187 opportunitatibus
1270 2119 1344 2167 con-

148 2208 251 2273 stricti
280 2206 379 2275 Nobis
410 2208 547 2293 quadam
570 2212 655 2275 sorte
681 2208 871 2293 junguntur,
901 2206 1076 2291 dispendiis
1106 2206 1291 2289 subjaceant
1312 2209 1345 2271 et
1389 2257 1391 2264 ,

144 2311 298 2393 jacturae.
333 2312 416 2379 Nam
438 2314 499 2380 etsi
522 2332 646 2381 omnem
668 2313 830 2379 hominem
851 2312 953 2380 omnis
974 2315 1121 2378 teneatur
1149 2310 1244 2375 homo
1265 2309 1345 2375 dili-

147 2434 232 2497 gere,
255 2420 358 2483 restet
378 2422 494 2499 umen,
516 2421 554 2483 ut
574 2417 655 2485 haec
677 2418 751 2501 ipsa
776 2418 905 2484 dilectIo
927 2435 967 2482 en
989 2416 1135 2481 ordinata
1149 2412 1344 2480 solummodo

146 2520 314 2601 proveniat
336 2522 499 2589 charitate.
522 2520 657 2607 Propter
679 2523 765 2607 quod
789 2526 973 2587 extraneum
995 2520 1171 2604 propinquo
1189 2520 1223 2584 iu
1237 2536 1345 2585 amore

148 2623 323 2707 praefigere
345 2626 508 2695 ordinatae
531 2628 696 2693 charitatis
712 2631 762 2693 est
776 2626 1038 2709 praeposteratio,
1053 2644 1126 2690 cum
1140 2641 1234 2690 verus
1257 2640 1345 2687 amor

149 2745 274 2811 semper
305 2730 439 2814 incipiat
466 2751 487 2803 a
516 2719 551 2797 se
580 2732 651 2815 ipso
684 2736 716 2796 et
747 2750 805 2814 per
834 2748 1030 2814 consequens
1059 2729 1094 2794 in
1120 2725 1265 2818 posteros
1287 2745 1345 2810 per

147 2832 359 2914 proximitatis
382 2834 499 2900 lineam
521 2834 692 2901 derivetur.
730 2833 812 2899 (lum
833 2834 942 2917 itaque
963 2834 1050 2899 natio
1072 2832 1247 2898 Teutonica
1271 2831 1345 2915 jure

146 2935 303 3002 incolatus
325 2938 413 3021 regni
436 2928 586 3018 Boemiae
609 2957 738 3023 prorsus
760 2956 883 3022 expers,
906 2940 939 3004 in
961 2937 1094 3020 singulis
1116 2935 1342 3003 Universitatis

147 3038 252 3113 Studii
282 3040 452 3125 Pragensis
483 3044 629 3127 agilibus,
663 3048 699 3110 ut
727 3043 840 3111 relatio
871 3042 1013 3109 ueridica
1041 3040 1083 3107 ad
1112 3041 1180 3106 Nos
1202 3039 1344 3119 deduxit,

146 3149 212 3212 tres
234 3163 329 3212 voces
352 3147 414 3215 sibi
433 3136 653 3215 ¹rendleaverit
674 3148 717 3214 ed
731 3166 834 3227 usum,
849 3146 1000 3227 natioque
1018 3144 1177 3227 Boemica,
1201 3143 1344 3228 ejusdem

147 3250 236 3331 regni
262 3250 350 3333 justa
379 3253 482 3339 heres,
512 3252 730 3318 tantummodo
760 3252 854 3317 unica
884 3248 1023 3333 gaudeat
1052 3253 1086 3315 et
1105 3249 1247 3328 fruatur3
1278 3247 1345 3312 Nos

147 3372 223 3420 vero
244 3355 390 3439 iniquum
413 3362 445 3423 et
467 3356 560 3423 valde
582 3356 732 3423 iudsoens
755 3356 957 3436 arbitrantes,
981 3358 1017 3420 ut
1039 3354 1080 3420 de
1101 3354 1245 3439 profectu
1260 3354 1345 3417 inco-

147 3457 258 3540 larum,
282 3460 397 3541 quibus
418 3464 507 3527 recta
529 3462 681 3544 competit
705 3459 880 3541 successio,
904 3459 1004 3526 exteri
1027 3462 1060 3525 et
1081 3459 1222 3525 advenae
1247 3456 1345 3523 abun-

147 3562 259 3631 danter
273 3564 408 3631 affluant
422 3570 455 3631 et
468 3566 517 3632 illi
532 3565 715 3631 defectuum
728 3565 937 3632 incommodis
952 3559 1093 3631 sentiant
1107 3582 1142 3630 se
1156 3579 1343 3646 oppressos:

146 3668 333 3735 mandamus
355 3670 444 3737 vobis
467 3672 689 3753 praesentium
710 3671 828 3739 virtute
850 3667 982 3735 tirmiter
996 3674 1030 3736 et
1044 3668 1197 3748 districte,
1219 3666 1345 3731 omnino

146 3771 263 3839 habere
285 3774 436 3855 volentes,
460 3780 616 3857 quatenus
639 3794 712 3842 mox
735 3776 813 3843 visis
835 3774 1068 3857 praesentibus,
1099 3771 1346 3862 contradictione

147 3880 179 3941 et
208 3878 378 3944 renitentia
412 3880 607 3961 quibuslibet
640 3882 750 3963 procul
780 3881 885 3961 motis,
916 3878 1077 3945 nationem
1105 3874 1287 3943 Boemicam
1312 3875 1345 3939 in

147 3981 281 4071 siugulis
317 3983 466 4063 consiliis,
497 3984 639 4065 judiciis,
670 3984 877 4067 examinibus,
909 3982 1116 4049 electionibus
1153 3984 1187 4047 et
1216 3980 1346 4063 quibus-

147 4072 271 4170 cunque
301 4086 372 4152 aliis
403 4087 526 4153 actibus
558 4092 590 4152 et
621 4088 884 4179 dispositionibus
911 4086 1139 4154 Universitatis
1160 4085 1343 4169 praedictae

147 4189 189 4254 ad
210 4190 312 4255 instar
333 4190 549 4271 ordinationis,
575 4211 638 4275 qua
659 4193 798 4274 gaudeat
818 4193 905 4259 natIo
928 4190 1052 4259 Gallica
1072 4192 1113 4256 in,
1127 4189 1344 4257 Uniuersitate

147 4292 251 4359 Studii
272 4293 461 4363 ParisIensis
491 4314 529 4362 ac
560 4300 705 4364 caeterae
735 4298 768 4361 in
792 4297 982 4384 Lombardia
1012 4300 1046 4363 et
1066 4296 1160 4362 Italia
1182 4294 1346 4376 potiuntur

146 4398 301 4479 nationes,
315 4399 356 4465 ad
370 4404 439 4467 tres
454 4419 549 4468 voees
565 4401 734 4467 admittere
748 4394 1012 4469 modis'omnibus
1027 4399 1180 4482 debeatis,
1203 4398 1344 4466 sinentes
