3225 5017
292 339 343 387 214
655 341 720 411 Cap.
738 343 813 399 VIII.
838 343 892 398 Res
912 341 1119 396 ecclesiasticae.

198 555 201 564 ·
282 530 494 597 attentissime
517 535 716 602 cohortantes
738 537 934 620 perviscera
950 532 1184 600 misericordiae
1200 531 1277 597 Jesu
1294 530 1421 608 Christi,
1440 533 1480 594 ut

281 630 414 700 Nostras
438 637 647 721 donationem,
671 641 887 708 fundationem
908 645 941 706 et
963 640 1195 705 concessionem
1218 641 1303 702 ratas
1322 640 1355 698 et
1369 639 1480 716 gratas

281 735 434 805 habentes
457 749 610 826 perpetuo
633 746 719 828 ipsas
753 745 902 810 studeant
932 749 965 809 et
987 747 1132 825 satagam
1158 744 1191 807 in·
1213 759 1345 806 suorum
1365 739 1480 804 remis-

281 841 400 908 sionem
423 850 641 927 peccaminum
663 856 696 916 et
719 850 777 916 sub
800 851 1006 915 attestatione
1028 848 1127 914 divini
1149 847 1259 912 iudicii
1288 855 1355 909 ¹non
1384 843 1480 906 dimi-

280 963 388 1030 nuere,
412 951 469 1016 sed
492 972 617 1036 augere.

387 1104 507 1190 siquis
524 1118 632 1177 autem
648 1116 804 1180 contentis
820 1112 1041 1196 praesentibus
1064 1129 1120 1175 seu
1132 1109 1227 1175 alicui
1239 1110 1379 1190 ipsorum
1393 1124 1479 1171 ausu

282 1212 451 1277 temerario
482 1217 698 1284 contradicere
718 1218 977 1303 praesumpserit,
1001 1214 1086 1298 quod
1108 1214 1200 1293 absit,
1221 1212 1478 1280 maledictionem

278 1313 338 1380 Dei
349 1314 454 1383 Patris
467 1322 691 1403 omnipotentis
712 1327 744 1388 et
758 1323 930 1389 Beatomm
944 1319 1115 1401 ieronymi,
1133 1317 1244 1401 Oirylli
1259 1324 1291 1383 et
1307 1317 1477 1394 Methudii,

278 1417 446 1488 Adalberti
469 1428 502 1489 et
523 1424 670 1508 Procopii
692 1427 907 1508 praelatorum
929 1427 1078 1502 incurrat,
1102 1424 1268 1506 plagisque
1293 1423 1418 1504 scriptis
1442 1422 1479 1484 iu

278 1522 358 1589 libro
381 1529 467 1592 vitae
489 1531 609 1595 sentiat
631 1549 666 1596 se
688 1549 882 1612 percussum.

381 1682 418 1746 In
439 1702 571 1765 quorum
593 1687 732 1751 omnium
755 1692 787 1750 et
810 1686 1004 1768 singulorum
1019 1685 1235 1750 testimouium
1258 1689 1290 1748 et
1316 1684 1355 1748 ad
1374 1684 1470 1748 certi-

278 1786 421 1851 tudinem
444 1787 617 1869 pleniorem
639 1796 823 1873 praesentes
840 1787 908 1855 ficri
924 1791 1073 1856 iussimus
1090 1794 1123 1854 et
1137 1787 1274 1860 Nostrae
1290 1787 1472 1853 Maiestatis

277 1891 376 1972 sigilli
398 1893 591 1974 appensione
614 1895 809 1961 communiri.
853 1899 858 1910 '

380 2031 499 2095 Datum
534 2032 732 2114 Nuremberg
768 2052 850 2098 anuo
883 2032 1010 2097 Domini
1044 1999 1213 2097 Millesimo
1247 2033 1472 2110 trecentesimo

273 2135 519 2235 ,quadragesimo
541 2139 685 2219 septimo,
709 2138 887 2203 Indictioue
917 2137 1039 2202 decima
1068 2137 1187 2220 quinta,
1221 2135 1274 2200 XI.
1305 2134 1469 2224 Kalendas

275 2240 469 2321 Decembris,
477 2240 658 2322 Regnorum
665 2242 854 2313 Nostrorum
866 2260 946 2307 anno
959 2241 1106 2306 secundo.
1120 2240 1224 2326 Huius
1239 2241 1286 2304 rei
1294 2243 1392 2305 testes
1404 2244 1469 2304 etc.

379 2362 434 2426 (aa
453 2362 579 2430 originali
600 2363 701 2414 archivi
724 2362 965 2428 archiepiscopatus
990 2363 1069 2430 Prcp.
1102 2363 1191 2422 Perea,
1222 2359 1292 2410 Karl
1313 2358 1472 2418 LXXXIII.

277 2447 316 2514 ἐγ.
338 2448 621 2512 1111011111
639 2449 757 2502 Amasti:
776 2450 937 2502 Doectc'oaea
954 2455 971 2502 2
986 2467 1050 2518 paq.
1068 2451 1139 2516 447.)

380 2623 473 2688 1349.
498 2623 550 2688 die
572 2625 602 2688 3.
626 2624 800 2690 Februarii.
845 2623 990 2689 Clemens
1006 2599 1195 2714 episcopus,
1227 2641 1339 2688 servus
1365 2639 1472 2686 servo-

277 2746 348 2792 rum
369 2728 441 2808 Dei,
464 2728 589 2793 dilectis
605 2727 688 2809 filiis,
705 2729 813 2794 abbati
829 2737 861 2792 ct
877 2728 1044 2792 conventui
1060 2727 1243 2792 monasterii
1258 2725 1420 2791 Slavorum
1438 2727 1471 2789 in

275 2831 413 2896 Podskal
436 2832 557 2898 ordinis
580 2832 609 2898 S.
633 2832 798 2896 Benedicti
822 2832 990 2913 Pragensis
1014 2831 1152 2896 diocesis·
1174 2831 1309 2896 salutem
1339 2834 1372 2895 et
1393 2847 1470 2911 apo-

274 2938 419 3002 stolicam
447 2938 707 3003 benedictionem.
752 2934 887 3016 Vestrae
923 2935 1100 3001 devotionis
1122 2936 1288 3000 sinceritas
1318 2935 1415 3016 exigit
1438 2938 1472 2998 et

274 3043 436 3124 religionis
459 3046 658 3123 promeretur
679 3042 839 3120 honestas,
863 3044 899 3104 ut
921 3045 987 3105 tam
1002 3059 1068 3121 vos,
1093 3059 1172 3124 quos
1187 3031 1319 3122 paterna
1338 3040 1470 3104 caritate

274 3149 504 3230 prosequimur,
529 3166 624 3228 quam
645 3148 870 3211 monasterium
893 3150 1034 3210 vestrum
1058 3145 1161 3228 dignis
1184 3146 1356 3212 honoribus
1377 3145 1470 3208 attol-

275 3252 386 3318 lamus.
412 3251 494 3316 Hinc
525 3254 582 3328 est,
615 3249 698 3331 quod
728 3269 785 3315 nos
813 3251 908 3316 etiam
942 3250 1110 3314 carissimii
1139 3247 1197 3323 filii
1225 3251 1327 3315 nostri
1349 3245 1469 3326 Karoli,

274 3354 488 3420 Romanorum
510 3358 543 3418 et
564 3353 714 3418 Bocmiae
736 3356 820 3435 regis
850 3355 992 3433 illustris,
1026 3354 1080 3435 qui
1103 3353 1223 3440 dictum
1241 3352 1468 3418 monasterium

274 3459 314 3522 de
335 3459 464 3524 licentia
486 3457 572 3522 sedis
595 3458 788 3540 apostolicae
811 3458 927 3522 dicitur
948 3451 1142 3550 fundavisse,
1173 3458 1263 3522 nobis
1288 3471 1383 3539 super
1403 3447 1478 3518 hoc

273 3563 435 3627 humiliter
456 3561 673 3645 supplicantis,
704 3580 742 3625 ac
771 3562 886 3626 vestris
916 3563 949 3626 in
979 3561 1038 3626 hac
1061 3565 1151 3644 parte
1182 3559 1469 3644 supplicationibus

271 3667 421 3745 inclinati,
445 3669 481 3730 ut
500 3670 546 3746 tu,
568 3663 614 3729 fili
637 3665 734 3729 abbas
758 3668 791 3728 et
813 3682 1011 3732 successores
1033 3666 1103 3746 tui„
1116 3667 1246 3731 abbates
1267 3665 1345 3731 dicti
1359 3683 1469 3729 mona-

272 3771 371 3850 sterii,
394 3772 449 3850 qui
472 3788 529 3852 pro
551 3774 693 3850 tempore
716 3768 841 3849 11111111,
855 3850 860 3860 1
873 3771 968 3834 mitra
998 3775 1030 3834 et
1053 3771 1168 3836 annulo
1201 3789 1238 3834 11
1268 3771 1345 3839 aliis
1361 3769 1466 3851 ponti·

272 3872 414 3940 licalibus
435 3875 590 3956 insigniis,
614 3874 702 3938 iuxta
724 3873 979 3939 constitutionem
1003 3875 1075 3957 piae
1099 3873 1270 3940 memoriae
1296 3863 1469 3940 Clementis

271 3979 378 4060 Papae
401 3980 514 4061 quarti,
537 3977 792 4060 praedecessoris
815 3979 923 4058 nostri,
947 3979 1047 4045 libere
1062 3980 1119 4058 uti,
1138 3979 1378 4061 quibuscunque
1395 3977 1469 4040 aliis

272 4083 549 4148 constitutionibus
572 4083 738 4147 contrariis
759 4101 960 4164 nequaquam
976 4084 1184 4162 obstantibus,
1208 4082 1352 4161 valeatis,
1375 4081 1465 4145 vobis

272 4191 304 4250 et
332 4187 453 4253 eisdem
483 4188 720 4253 successoribus
750 4186 790 4252 de
823 4187 953 4269 speciali
976 4187 1079 4268 gratia
1112 4191 1226 4252 tenore
1251 4185 1467 4268 praesentium

271 4291 479 4373 indulgemus
524 4291 612 4356 Nulli
642 4311 718 4374 ergo
749 4292 875 4355 omniuo
907 4291 1068 4355 hominum
1100 4291 1195 4356 liccat
1216 4289 1299 4370 hauc
1320 4291 1469 4372 pagiuam

270 4402 396 4461 nostrae
419 4396 630 4461 concessionis
660 4396 834 4477 iufringere
868 4396 919 4461 vel
943 4396 972 4460 ei
996 4414 1076 4462 ausu
1102 4395 1269 4460 temerario
1293 4394 1468 4472 ccutraire;
