3225 5017
302 314 353 364 220
670 313 734 384 cap.
752 313 827 368 VIII.
844 313 899 369 Nes
916 309 1125 374 ecclesiastiae.

298 502 473 586 Antiquom
494 504 627 586 Goldek,
661 505 812 572 Richardi
835 509 919 590 villa,
942 507 1042 576 Ulrici
1064 511 1141 577 villa
1162 508 1375 595 (Ullersdorf),
1405 511 1493 577 Mar-
1563 499 1564 502 ¹

301 609 500 676 chionisvilla
522 609 776 696 (blankersdorl),
798 611 978 680 Sobetinna.

400 732 994 804 DecoratusHussowiensis:
1056 753 1060 768 ·

399 856 626 923 naamam
659 855 906 941 (eladensem),
943 858 1145 942 neymarssa
1181 831 1349 942 (aymaro
1385 857 1494 924 1400:

295 961 410 1028 Daniel
424 962 499 1027 olim
512 961 666 1044 plebanus
688 960 722 1025 in
743 961 928 1046 Rayrinstat
949 962 1123 1046 Lutomysl.
1146 963 1250 1047 dinc.),
1272 961 1496 1029 Reschendorf

293 1065 477 1151 (Reschen),
510 1065 630 1132 Moraw
650 1065 795 1150 (Morava
819 1067 966 1151 slezskt),
1000 1067 1125 1133 Novum
1154 1067 1297 1134 Oechans
1321 1068 1492 1151 (thecans),

166 1172 169 1181 '
293 1169 494 1358 ἓῢθηίνῦῐα
537 1169 777 1254 (Altendorfl),
822 1170 1027 1255 Tylonisvilla
1071 1166 1280 1256 (liNendorI),
1323 1171 1493 1255 Lompnitz

151 1288 156 1294 ’
335 1275 453 1358 obnig).

397 1378 436 1446 (E
449 1377 555 1446 repertio
573 1377 708 1432 amati·
729 1376 771 1433 Vr.
789 1381 931 1433 secandam
955 1381 1057 1447 copiam
1075 1380 1177 1434 orobios'
1200 1379 1300 1433 March.
1324 1380 1390 1434 Mor.
1415 1381 1491 1449 typis

296 1465 409 1520 comsit
425 1465 533 1518 Brondl
554 1465 626 1522 VIII
643 1465 698 1534 80.)
1073 1495 1076 1503 ν

395 1623 488 1690 1352.
521 1624 570 1689 13.
601 1623 851 1692 Decembris.
897 1623 1067 1692 Statuta
1089 1625 1300 1692 ecclesiae
1321 1623 1489 1691 Olomu-

290 1729 406 1796 censi
427 1749 448 1795 a
468 1727 657 1795 iohanne
679 1729 881 1813 episcopo
903 1729 1173 1796 Olomucensi
1196 1729 1300 1796 data

394 1831 467 1900 (ooo.
484 1851 598 1889 manase
615 1852 682 1887 socc.
701 1834 762 1890 XV.
781 1835 942 1902 ,Innocentia'
960 1834 1007 1890 [V.
1025 1835 1130 1888 &mmo
1143 1833 1345 1902 poenitentioe&
1362 1842 1486 1888 samatus

289 1922 318 1976 r'o
335 1922 487 1976 bibliotheca
503 1923 575 1978 onio.
594 1922 675 1978 Olom.
693 1952 728 1964 -·
744 1922 860 1979 Braadl.
883 1924 954 1979 VIII.
969 1925 1041 1992 185.)

390 2080 945 2164 Privilegiorumecclesiae
965 2081 1194 2165 Pragensis
1217 2078 1486 2148 confirmatio

289 2187 514 2268 generalis.
541 2187 635 2254 1352.

390 2290 536 2358 Carolus
551 2292 613 2359 Dei
642 2293 745 2376 gratia
773 2292 986 2374 Romanorum
1014 2310 1070 2358 rex
1100 2309 1225 2375 semper
1257 2291 1420 2374 Augustus
1449 2296 1484 2357 et

285 2394 458 2464 Bohemiae
479 2415 543 2462 rex.
566 2397 618 2464 Ad
639 2402 826 2482 perpetuam
847 2397 894 2463 rei
916 2398 1108 2463 memoriam.

388 2502 587 2584 Quamquam
609 2501 649 2568 do
667 2502 802 2584 Juvante
823 2503 931 2585 reglae
954 2503 1159 2584 benignitatis
1181 2502 1347 2568 clementia
1377 2506 1410 2566 et
1440 2521 1483 2568 ex

285 2611 449 2688 assumpta
472 2625 548 2672 cura
576 2606 740 2690 regiminis
768 2609 987 2676 universorum
1016 2608 1112 2674 saluti
1135 2627 1174 2674 ex
1203 2607 1341 2690 quodam
1363 2605 1479 2672 debito

283 2713 450 2804 teneamur
470 2711 643 2793 intendere,
664 2712 859 2794 peramplius
881 2716 987 2778 tamen
1008 2712 1050 2778 ad
1075 2712 1305 2795 procurandam
1334 2711 1480 2794 quietem

284 2812 419 2880 Sanctae
441 2814 610 2898 Progensis
632 2815 786 2880 ecclesiae
807 2815 874 2881 Nos
890 2816 1045 2899 obligatos
1058 2816 1126 2882 loro
1147 2816 1365 2898 conspicimus,
1389 2833 1480 2896 qnae

152 2965 155 2969 .
282 2936 340 3000 per
361 2937 487 2986 sacrum
516 2921 764 3003 regenerationis
792 2921 955 2986 lavacrum
976 2919 1042 2986 Nos
1072 2939 1090 2986 a
1120 2925 1281 2986 contracta
1310 2919 1479 3000 originalis

281 3023 510 3107 inquinamenti
531 3030 622 3107 peste
643 3023 851 3091 mundificans
879 3023 1059 3091 habilitavit
1091 3028 1124 3091 et
1152 3024 1193 3090 ad
1222 3023 1353 3106 gloriam
1375 3026 1407 3087 et
1441 3024 1478 3087 in

281 3146 370 3211 spem
402 3130 515 3196 beatae
548 3130 692 3213 reposuit
723 3130 866 3204 laetitiae
879 3123 881 3128 ’
895 3130 1127 3212 sempiternam.
1165 3127 1248 3194 Sane
1263 3207 1264 3210 Ἴ
1277 3126 1474 3193 venerabilis

278 3232 406 3299 Amasti
426 3233 595 3316 Pragonsis
617 3233 857 3317 archiepiscopi,
880 3235 1032 3316 principis
1055 3237 1088 3298 et
1109 3233 1216 3299 devoti
1231 3231 1339 3296 Nostri
1352 3227 1474 3311 fichIs,

281 3356 382 3419 nuper
418 3339 582 3405 serenitati
615 3338 751 3404 Nostrae
784 3339 890 3404 oblata
917 3339 1106 3420 snpplicatio
1136 3336 1315 3404 continebat
1344 3335 1476 3400 litteras

277 3442 432 3524 quasdam
453 3443 557 3510 clarae
579 3444 750 3509 memoriae
770 3442 904 3509 iNustris
927 3441 1082 3526 ottogari,
1105 3441 1263 3524 quondam
1291 3438 1471 3507 'Bohemiae

280 3547 374 3629 regis,
397 3549 507 3630 proavi
528 3547 638 3614 Nostri
660 3548 778 3630 dilecti,
802 3566 882 3630 quas
905 3565 1001 3630 super
1023 3547 1119 3613 certis
1137 3547 1271 3632 juribus,
1301 3544 1410 3628 gratiss
1437 3550 1473 3609 et

275 3651 447 3718 honoribus
479 3653 584 3720 dictae
616 3652 786 3736 Progensis
819 3653 983 3734 ecclesiae,
1028 3652 1255 3720 venerabilium
1288 3648 1472 3717 antistitum

275 3754 404 3836 ibidem,
423 3757 560 3822 obtinuit
574 3773 707 3838 operosa
729 3756 893 3837 sedulitas,
916 3757 1101 3839 approbare,
1123 3753 1281 3823 ratificare
1303 3759 1335 3820 et
1351 3751 1471 3819 confir-

275 3879 361 3925 mare
384 3860 424 3924 de
443 3861 638 3944 benignitate
658 3861 748 3943 regia
769 3860 978 3943 dignaremur.
1010 3863 1151 3942 Quarum
1173 3866 1263 3928 tenor
1282 3859 1468 3943 peremnia

276 3964 420 4047 seqnitur
440 3965 474 4030 in
494 3965 575 4031 hoec
596 3966 710 4032 verba:
1167 3967 1169 3970 ’

381 4069 436 4152 ,In
456 4070 582 4135 nomine
603 4069 709 4135 Patris
732 4073 765 4134 et
785 4068 859 4136 Filii
883 4075 915 4134 et
936 4067 1072 4153 Spiritus
1102 4067 1209 4136 Sancti
1240 4067 1348 4136 Amen.
1393 4064 1467 4135 Nos

274 4172 446 4256 Ottogarus
466 4174 528 4239 Dei
549 4175 652 4256 gratia
673 4173 884 4240 Bohemorum
906 4193 961 4240 rex
983 4175 1140 4241 universis
1163 4171 1466 4250 Christ'jjfidelibus

271 4278 448 4359 praesentis
469 4279 628 4362 privilegii
649 4279 759 4345 literas
780 4279 978 4361 inspecturIs.
1016 4277 1181 4345 Humanae
1202 4193 1333 4346 natoliae
1355 4282 1414 4344 etc

375 4380 580 4467 (contextum
602 4384 674 4449 vide
697 4382 731 4450 Ο.
755 4382 785 4450 J.
809 4382 845 4449 Β.
870 4383 893 4450 L
917 4383 959 4450 28
981 4385 1028 4450 lit
1052 4385 1106 4468 D.)
