3225 5017
563 322 629 392 cap.
647 319 695 377 IX.
712 320 891 379 Universitas.
1271 332 1320 380 sot

129 515 251 596 quoties
285 513 512 581 contrafactum
544 515 649 597 fuerit,
690 519 952 585 irremissibiliter
988 521 1072 602 exigi
1102 521 1247 585 volumus
1285 530 1319 586 et

128 636 236 683 earum
256 619 459 688 medietatem
481 621 598 704 regalis
620 619 689 687 fisci
711 622 870 704 Boemiae,
902 624 1063 689 residuam
1091 641 1166 690 vero
1200 631 1322 706 partem

130 720 277 806 injuriam
299 743 465 806 passorum
488 724 599 792 usibus
621 727 783 810 applicari.

231 880 375 964 (Signum
412 883 607 949 serenissimi
643 882 796 966 principis
834 887 867 946 et
903 883 1030 962 domini,
1069 882 1187 948 domini
1216 883 1322 950 Caroli

128 987 242 1067 quarti,
263 986 476 1056 Romanorum
497 989 699 1071 imperatoris
721 987 921 1053 invictissimi
944 991 976 1052 et
998 987 1217 1070 gloriosissimi
1239 987 1320 1053 Boe-

128 1090 210 1156 miae
236 1092 344 1174 regis.)

229 1245 449 1313 Praesentium
470 1247 530 1314 sub
552 1247 727 1332 imperialis
748 1246 885 1314 Nostrae
900 1245 1079 1332 Majestatis
1102 1247 1207 1330 sigillo
1229 1248 1319 1312 testi-

126 1350 230 1416 monio
253 1352 427 1419 literarum.
1323 1373 1325 1380 '

229 1508 347 1573 Datum
367 1509 499 1591 Progne,
530 1527 611 1574 anno
635 1509 763 1575 Domini
785 1511 953 1577 millesimo
976 1509 1198 1577 trecentesimo
1229 1525 1319 1574 sexa-

124 1614 244 1696 gesimo
267 1618 365 1693 sexto,
387 1614 563 1680 indictione
578 1618 700 1696 quarta,
716 1614 772 1680 III.
796 1615 958 1682 Kalendas
981 1615 1128 1698 Augusti,
1151 1633 1320 1697 regnorum

125 1715 313 1784 Nostrorum
335 1736 415 1782 anno
437 1717 571 1784 Romani
593 1718 745 1783 vicesimo
768 1719 879 1800 primo,
903 1718 1052 1785 Boemiae
1073 1719 1235 1800 vicesimo,
1257 1717 1319 1784 Iru-

126 1822 304 1903 periinere
328 1821 526 1888 duodecimo.

781 1925 844 1992 Per
865 1927 1027 1993 dominum
1048 1927 1274 2010 Imperatorem

927 2033 1141 2098 cancellarius.

771 2136 801 2201 A
823 2141 930 2220 tergo:
953 2138 1010 2204 Rv.
1034 2135 1056 2202 J
1057 2153 1174 2202 oannes
1196 2135 1286 2201 Sauo.

229 2255 312 2325 (θήρ.
332 2257 402 2308 arob.
425 2255 500 2310 Unio.
517 2256 599 2326 Praq.
635 2285 670 2295 -
706 2257 873 2310 Mouumsuto
891 2259 950 2311 aba.
973 2256 1046 2310 Unio.
1072 2257 1109 2312 II.
1133 2260 1159 2311 1.
1177 2255 1243 2322 dipl.
1268 2253 1318 2318 Vl„

124 2342 205 2410 Oajoo
217 2343 383 2409 confluentio
392 2360 445 2408 per
459 2361 562 2409 popam
585 2342 719 2397 Urbanum
741 2344 770 2398 V.
787 2345 931 2398 melioretur
944 2345 1026 2398 lilerio
1040 2345 1102 2400 udo.
1114 2346 1157 2398 10.
1169 2342 1235 2396 Nou.
1248 2343 1317 2393 1366

123 2430 221 2482 ididan
240 2429 348 2482 samaia.
378 2429 442 2482 Vide
459 2431 537 2484 ctiam
555 2430 647 2484 literar
665 2433 870 2498 confirmatorias
885 2431 1026 2485 Wcucealoc‘
1036 2430 1105 2501 regia
1117 2431 1178 2495 ddo,
1197 2433 1238 2482 28.
1250 2425 1318 2498 Aug.

124 2520 202 2580 1383,
218 2517 254 2570 ib.
272 2517 340 2582 dipl.
360 2517 446 2584 XVI.)
1088 2551 1092 2563 v

228 2605 267 2672 (E
281 2605 355 2660 domo
372 2604 472 2656 Lazari
490 2604 630 2674 Collegium
648 2605 737 2658 Ourolc'
754 2609 910 2660 trouclatruu
928 2614 965 2660 eat
981 2606 1010 2658 ἐπ
1028 2607 1130 2658 mom
1148 2604 1266 2670 Rotlcwi,
1285 2603 1318 2656 dc

122 2709 175 2756 quo
185 2692 261 2758 focio
277 2692 338 2745 uide
354 2692 445 2746 literar
470 2692 611 2746 Wmeerai
627 2694 697 2763 regia
714 2695 775 2747 uldo.
793 2697 837 2747 28.
856 2692 923 2764 Aug.
942 2696 1012 2746 1383
1028 2693 1058 2746 ἐπ
1076 2692 1145 2744 Mon.
1164 2691 1224 2745 obt.
1241 2688 1316 2746 Unio.

123 2779 161 2834 Π,
181 2782 206 2834 1.
224 2780 290 2844 aar.
310 2779 383 2846 XV.)

230 2955 322 3018 1366.
369 2954 524 3022 Dominus
546 2955 683 3022 Karolus
705 2957 827 3036 videns,
852 2957 937 3040 quod
967 2955 1114 3022 Studium
1136 2951 1317 3038 hujusmodi

122 3057 306 3124 notabiliter
335 3061 368 3122 et
396 3057 601 3126 laudabiliter
629 3061 813 3142 augebatur,
845 3059 975 3126 donauit
1004 3059 1178 3126 scolaribus
1208 3059 1317 3123 domos

122 3159 319 3226 iudaeorum
342 3166 375 3227 et
395 3163 536 3229 instituit
567 3165 601 3230 in
635 3165 755 3230 eisdem
788 3163 965 3247 Collegium
996 3165 1228 3247 magistrorum,
1262 3161 1317 3244 qui

121 3266 257 3348 singulis
279 3267 391 3333 diebus
413 3273 485 3333 actu
507 3269 650 3352 legerent
671 3273 704 3334 et
725 3269 933 3351 disputarent,
956 3270 1071 3351 quibus
1092 3267 1316 3335 bibliothecam

121 3370 199 3436 lecit
222 3375 254 3436 et
275 3370 373 3437 libros
395 3389 452 3455 pro
475 3373 581 3438 studio
602 3373 799 3439 necessarios
822 3373 934 3439 tribuit
957 3373 990 3438 in
1012 3372 1236 3440 habundantia.
1275 3371 1318 3435 Et

121 3474 169 3539 hii
190 3476 336 3557 magistri
358 3477 441 3542 ultra
455 3482 593 3561 pastum,
614 3496 707 3561 quem
721 3477 917 3561 recipiebant
936 3478 1181 3559 subdentibus,
1201 3476 1318 3542 habent

122 3583 229 3644 certos
253 3599 374 3646 annuos
395 3581 528 3662 reditus,
551 3582 644 3648 ditati
666 3581 870 3649 sufficienter.
986 3601 1101 3665 (Reus.
1119 3601 1152 3652 ce
1175 3597 1282 3664 weita.)

228 3787 330 3842 Divina
346 3788 436 3857 gratia
453 3788 629 3858 suffragante,
642 3791 674 3843 A.
687 3790 721 3843 D.
735 3789 937 3858 Mccouxvl„
955 3789 1044 3859 prima
1059 3787 1103 3843 die
1116 3787 1218 3844 mensis
1231 3787 1316 3856 Junii,

120 3871 361 3945 honorabilium,
379 3874 505 3930 dominus
522 3876 654 3930 Nicolaus
672 3877 848 3946 praepositus
866 3877 1059 3945 Rudniccusis,
1078 3874 1316 3930 vicecancellarius

119 3960 316 4017 Universitatis
335 3963 422 4017 studii
438 3962 593 4032 Pragensis,
622 3962 805 4017 demandato
824 3961 996 4018 serenissimi
1013 3961 1144 4032 principis
1163 3959 1315 4029 abdomini,

120 4046 148 4101 d.
178 4047 275 4104 Karoli
303 4049 382 4105 Rom.
408 4051 476 4120 Imp.
504 4067 526 4105 s.
544 4051 577 4103 A.
597 4055 624 4103 et
641 4050 709 4105 Bob.
728 4050 800 4118 regis
819 4049 943 4119 illustria,
971 4048 1051 4104 simul
1072 4054 1100 4103 et
1120 4064 1180 4103 reu.
1206 4048 1235 4102 in
1254 4048 1315 4102 Chr.

120 4136 212 4205 patris
229 4142 257 4191 et
274 4135 385 4208 domini,
403 4136 429 4192 d.
447 4137 583 4192 Jobannis
607 4138 633 4192 S.
651 4137 798 4206 Pragensis
826 4138 957 4193 ecclesiae
984 4135 1190 4206 archiepiscopi,
1216 4138 1315 4205 Apost.

120 4221 198 4281 aedis
215 4223 307 4294 legati,
325 4225 481 4281 cancellarii
504 4224 587 4279 studii
611 4224 760 4294 praedicti;
778 4224 925 4280 accedente
943 4239 1089 4292 consensu,
1112 4240 1162 4294 pro
1183 4230 1316 4294 perpetua

119 4311 275 4367 stabilitate
292 4314 439 4369 memorati·
452 4310 536 4367 studii
553 4312 701 4380 Collegium
720 4312 912 4382 magistrorum
930 4312 1029 4366 artium
1049 4311 1078 4366 in
1091 4311 1165 4366 curia
1178 4308 1313 4379 quondam

118 4397 224 4452 Lazari
249 4400 364 4469 Majoris
394 4400 519 4455 Civitatis
536 4398 683 4468 Progensis
708 4399 855 4454 salubriter
872 4398 1042 4454 instauravit.
1077 4398 1121 4452 Ad
1143 4396 1315 4467 quodetiam
