3225 5017
234 357 235 362 ’
275 355 327 402 260
710 347 776 417 Cep.
794 347 841 403 ix.
858 347 1040 405 Universitas.

276 547 309 609 et
339 541 600 611 circumferentiis
631 541 785 624 omnibus,
820 547 917 626 prout
944 544 985 610 ab
1009 545 1081 612 aliis
1104 547 1218 615 vicinis
1245 549 1307 614 sibi
1329 549 1475 617 domibus

271 651 323 714 est
344 646 503 727 distincta,
526 651 563 712 ut
584 646 667 714 iutra
689 648 800 731 scripti
815 632 960 731 magistri
979 653 1013 716 et
1026 651 1191 717 studentes
1209 651 1243 716 in
1262 671 1301 718 ea
1313 653 1476 720 resideant

275 753 334 822 suh
357 753 404 820 eis
427 752 669 833 conditionibus
692 770 776 836 quae
796 751 930 819 iniamus
953 759 1192 838 expressantur.
1225 756 1347 822 Dentes
1368 758 1474 838 etiam,

275 856 482 937 conterentes,
507 856 747 940 appropriantes
770 860 803 922 et
825 859 971 923 unientes
994 860 1187 953 auctoritate
1211 860 1301 942 regia
1322 861 1474 944 praefata,

273 980 331 1046 pro
352 960 463 1042 Nobis,
486 961 657 1028 heredibus
678 980 717 1028 ac
742 961 979 1030 successoribus
1003 962 1140 1044 Nostris,
1163 965 1294 1046 regibus
1313 965 1473 1046 Boemiae,

277 1071 310 1134 et
331 1066 475 1151 ejusdem
495 1066 585 1148 regni
608 1084 723 1132 corona
744 1067 978 1150 imperpetuum
1002 1069 1107 1134 eidem
1131 1069 1264 1153 collegio
1285 1072 1318 1135 et
1331 1071 1476 1154 personis

157 1259 158 1269 ἵ
274 1171 315 1263 ad
344 1170 424 1237 illud
453 1170 670 1254 spectantibus
700 1169 782 1237 intra
812 1172 947 1254 scriptas
969 1171 1072 1251 villas,
1094 1172 1260 1239 videlicet:
1290 1174 1470 1254 Possumus,

274 1274 468 1356 Drabelozic,
509 1273 649 1354 Vneboa,
686 1274 921 1355 Nenacnowicz,
959 1268 1127 1359 Holonohy
1164 1295 1237 1348 cum
1272 1277 1477 1359 molendinis,

275 1378 532 1463 pratisrubetis,
547 1381 580 1444 et
594 1377 628 1442 in
641 1379 718 1444 villa
732 1377 849 1444 Trcuss
865 1397 963 1461 prope
977 1377 1146 1445 Poczmicz
1163 1382 1304 1464 quinque
1323 1401 1470 1464 sexagen.

143 1549 144 1558 ,
276 1502 457 1567 grossorum
479 1501 592 1550 census
615 1483 721 1563 annui,
745 1501 817 1548 oum
839 1483 984 1549 omuibus
1016 1501 1125 1548 earum
1143 1485 1278 1568 juribus,
1312 1487 1475 1570 pertinen·

276 1589 340 1670 tiis,
363 1587 573 1668 libertatibus,
595 1587 759 1668 fructibus,
790 1589 1009 1670 proventibus,
1040 1589 1261 1655 emolumentis
1291 1595 1325 1656 st
1357 1591 1477 1657 obven-

272 1693 411 1760 tionibus
447 1692 614 1772 universis,
646 1693 886 1776 quibuscunque
925 1692 1118 1775 specialibus
1154 1695 1317 1760 vocabulis
1350 1697 1477 1778 possint

275 1797 443 1880 designari,
467 1813 548 1880 quae
570 1796 611 1861 de
632 1795 768 1863 Nostrae
797 1797 915 1881 regalis
946 1797 1134 1863 clementiae
1166 1799 1357 1865 licentiaco
1386 1819 1477 1866 man-
1576 1821 1577 1824 ¹

276 1903 349 1968 dato
385 1919 442 1984 pro
483 1904 656 1968 memorato
692 1902 827 1984 collegio
866 1906 1014 1984 emptae,
1040 1906 1246 1986 comparatae
1282 1921 1319 1968 ao
1354 1905 1476 1970 tabulis

148 1990 153 2002 ’
273 2011 377 2073 torrae
411 2005 562 2072 Boemiae
593 2005 733 2072 insertae
766 2010 799 2071 et
832 2007 1005 2090 inscriptae
1038 2012 1220 2089 noscuntur,
1257 2008 1341 2073 sicut
1376 2008 1477 2073 etiarn

275 2109 403 2178 easdem
431 2110 533 2190 uillas,
566 2109 669 2176 eidem
693 2109 834 2193 Collegio
864 2113 1054 2178 auctoritate
1084 2113 1181 2194 regia
1194 2112 1344 2178 Boemiae
1372 2131 1410 2176 ac
1436 2112 1478 2176 de

275 2219 360 2280 certa
375 2215 508 2281 scientia
519 2214 637 2282 Nostra
648 2235 705 2298 pro
716 2215 827 2297 Nobis,
843 2216 1014 2282 heredibus
1030 2221 1063 2283 et
1077 2217 1315 2284 successoribus
1329 2215 1470 2295 Nostris,
1574 2244 1576 2247 ·

274 2319 424 2385 Boemiae
451 2320 589 2402 regibus,
612 2324 646 2385 et
667 2319 811 2402 ejusdem
832 2321 922 2402 regni
945 2339 1068 2400 corona,
1092 2325 1129 2386 ut
1149 2321 1376 2403 praemitt'tur,
1410 2321 1477 2384 rite

275 2423 461 2491 donammus
478 2427 511 2490 et
537 2424 727 2492 contulimus
750 2444 787 2490 ac
801 2425 1035 2508 imperpetuum
1051 2425 1242 2493 conferimus
1258 2430 1292 2492 et
1306 2425 1475 2491 donamus·

380 2597 515 2665 Nostrae
550 2600 647 2665 etiam
675 2599 859 2666 intentionis
888 2600 997 2666 existit
1029 2605 1062 2665 et
1091 2599 1137 2665 sio
1166 2601 1355 2666 auctoritate
1384 2602 1478 2682 regia

275 2703 426 2770 Boemiae
448 2703 508 2768 boo
530 2708 683 2786 perpetuo
707 2704 907 2770 declaramus
932 2705 1044 2784 edicto,
1069 2704 1154 2786 quod
1175 2705 1208 2769 in
1223 2704 1308 2769 dicto
1331 2703 1477 2786 Collegio

275 2809 339 2873 sint
382 2806 548 2874 duodecim
594 2809 739 2874 contnuo
784 2809 924 2875 moribus
969 2813 1003 2875 et
1045 2809 1178 2874 scientia
1219 2808 1370 2889 decorati,
1416 2809 1476 2891 qui

276 2912 437 2994 signanter
458 2913 601 2996 magistri
624 2914 688 2979 sint
709 2915 742 2978 in
765 2913 897 2994 artibus,
924 2913 980 2993 ita,
1004 2912 1089 2996 quod
1106 2914 1168 2978 duo
1184 2931 1224 2977 ex
1238 2912 1285 2978 eis
1302 2913 1366 2977 sint
1379 2913 1476 2992 tales,

226 3047 231 3054 ·
278 3016 362 3099 quod
384 3017 417 3081 in
438 3015 598 3099 theologia
620 3016 876 3108 legerevaleant
905 3021 1000 3098 atque
1021 3016 1138 3098 legant,
1162 3033 1243 3080 unus
1267 3016 1416 3082 videlicet
1441 3019 1477 3082 in

274 3120 379 3186 Biblia
408 3124 441 3186 ct
471 3121 552 3186 alius
582 3122 614 3186 in
643 3121 732 3186 libris
767 3119 1009 3199 Sententiarum,
1039 3124 1073 3185 et
1103 3118 1187 3201 quod
1224 3119 1339 3202 reliqui
1361 3119 1477 3186 decem

275 3226 308 3290 in
332 3242 422 3290 sacra
443 3224 604 3306 theologia
626 3223 784 3304 studeant,
810 3223 851 3288 ad
873 3225 1103 3306 promotionem
1127 3223 1320 3288 orthodoxae
1341 3221 1417 3290 fidei
1442 3229 1477 3291 et

276 3329 498 3410 omnipotentis
521 3329 582 3393 Dei
604 3328 739 3410 gloriam
764 3331 796 3392 et
811 3327 970 3394 honorem.
995 3328 1038 3392 Et
1052 3331 1088 3392 nt
1110 3327 1150 3392 ad
1165 3327 1347 3411 hujusmodi
1362 3346 1477 3394 sacrae

276 3431 438 3497 doctrinae
461 3431 566 3496 studia
589 3449 626 3496 eo
650 3429 773 3495 facilior
797 3449 898 3512 eoque
922 3432 1079 3497 salubrior
1102 3432 1194 3497 detur
1220 3449 1377 3511 accessus,
1407 3451 1475 3514 quo

271 3538 423 3620 juvenum
445 3534 573 3617 ingenia
593 3534 627 3598 in
650 3533 879 3600 subtilitatibus
902 3535 1020 3600 artium
1043 3534 1207 3600 subtiliata
1237 3534 1364 3615 fuerint,
1395 3554 1475 3600 acu-

275 3639 359 3705 mine
381 3638 519 3728 gratiore
542 3638 739 3704 decernimus
763 3639 879 3704 ethos
905 3639 993 3721 regio
1010 3638 1160 3704 Boemiae
1176 3638 1280 3704 edicto
1300 3639 1474 3706 statuimus

275 3762 333 3826 per
360 3745 554 3826 praesentes,
587 3743 671 3826 quod
699 3742 835 3825 praefati
865 3742 975 3808 decern
997 3743 1031 3808 in
1053 3743 1178 3810 artibus
1207 3743 1392 3810 liberalibus
1416 3745 1475 3810 do-

277 3849 368 3913 ceant
402 3851 434 3912 et
462 3846 569 3930 legant
604 3865 692 3912 more
721 3845 912 3912 scholastico
939 3846 1031 3930 juxta
1065 3846 1242 3912 studiorum
1275 3849 1474 3930 generalium

277 3951 509 4018 observantiam
530 3951 726 4034 temporibus
749 3951 943 4034 opportunis.

378 4091 466 4156 Nulli
496 4110 571 4174 ergo
602 4091 728 4156 omniuo
760 4089 923 4156 hominum
944 4090 1040 4156 liceat
1064 4090 1146 4155 hanc
1168 4090 1305 4156 Nostrae
1334 4091 1473 4176 disposi-

275 4197 380 4277 tionis,
397 4195 612 4276 ordinationis,
637 4195 765 4274 decreti,
783 4196 983 4274 statutorum,
998 4193 1177 4260 donationis
1192 4195 1339 4278 paginam
1358 4195 1470 4261 intrin-

277 4319 360 4382 gere,
385 4317 441 4365 scu
463 4298 493 4363 ei
516 4299 628 4381 quovis
658 4316 739 4364 ausu
767 4299 937 4363 temerario
967 4299 1133 4379 contraire,
1164 4298 1223 4365 sub
1253 4317 1355 4382 poena
1380 4300 1470 4365 mille

277 4423 453 4472 marcarum
475 4402 544 4470 auri
566 4402 736 4485 purissimi,
767 4419 847 4484 quas
879 4402 919 4466 ab
949 4419 997 4482 eo,
1027 4403 1081 4484 qui
1112 4401 1340 4482 contrafecerit,
1371 4403 1467 4468 toties
