3225 5017
263 353 264 362 ,
296 329 348 375 274
730 306 795 376 Cap.
812 305 861 360 IX.
878 306 1058 361 Universitss.
1180 360 1184 369 ,

297 499 400 581 tione;
435 500 463 566 si
492 518 567 566 vero
598 500 682 566 ultra
711 500 868 580 habuerit,
903 501 959 566 sed
987 505 1094 568 tamen
1116 501 1197 568 infra
1226 501 1269 565 24
1293 500 1371 582 don,
1400 501 1491 567 dabit

297 604 383 675 sicut
403 606 519 672 rectori
541 604 646 672 visum
667 605 773 688 fuerit,
797 606 869 688 plus
891 609 943 675 vel
964 609 1076 674 minus.

401 747 450 812 13.
474 748 813 815 Deaonsiriariis
828 748 1047 830 eligendis,
1073 745 1253 814 Consiliarii
1272 747 1428 830 eligantur
1449 749 1491 814 de

295 856 432 937 quatuor
441 852 622 920 nationibus
632 870 689 936 per
695 852 779 918 hunc
786 853 932 918 modum:
949 850 1139 933 donsibarii,
1152 853 1205 935 qui
1212 851 1490 936 fuerunttempore

295 958 417 1042 antiqui
438 959 580 1039 rectoris,
605 958 792 1042 coadjuncta
815 959 876 1024 sibi
897 958 1025 1023 natione
1047 976 1115 1039 sua,
1145 958 1263 1040 quique
1290 959 1324 1023 in
1353 976 1412 1024 sua
1431 977 1490 1024 na-

294 1063 381 1128 tione
402 1063 576 1130 nominabit
594 1063 614 1128 6
633 1062 787 1130 discretos
806 1064 891 1129 viros
907 1080 985 1130 suae
998 1063 1145 1145 nationis,
1167 1081 1248 1146 quos
1260 1064 1407 1131 meliores
1420 1083 1489 1131 cre

296 1167 375 1236 dunt
397 1169 438 1233 ad
460 1169 520 1235 hoc
543 1166 691 1250 officium,
716 1169 931 1236 consentiente
958 1173 1027 1236 tota
1055 1170 1111 1236 illa
1139 1169 1277 1249 natione,
1308 1171 1340 1234 et
1367 1169 1425 1235 hos
1454 1171 1490 1235 in

297 1271 406 1339 charta
427 1274 555 1341 badam
576 1273 701 1340 rectori.
747 1275 790 1340 Et
811 1278 887 1340 tunc
908 1278 1013 1340 rector
1042 1275 1161 1340 electus
1191 1268 1239 1340 ex'
1259 1292 1315 1340 sex
1346 1272 1424 1340 duos
1447 1276 1490 1342 de

297 1397 487 1465 unaquaque
514 1379 642 1445 natione
671 1377 823 1462 recipiet;
855 1383 888 1445 et
916 1380 963 1446 sic
992 1377 1048 1444 liet
1068 1379 1102 1444 in
1124 1379 1265 1462 qualibet
1289 1368 1424 1460 natione,
1457 1384 1491 1446 et

301 1489 395 1550 erunt
414 1489 486 1550 octo
509 1485 691 1566 consiliarii,
715 1484 755 1564 de
778 1485 921 1568 qualibet
941 1483 1069 1549 natione
1091 1483 1162 1550 duo.
1193 1482 1325 1549 Praetor
1353 1483 1411 1549 hos
1432 1485 1493 1549 eli·

296 1593 410 1671 gantur
443 1589 498 1654 alii
531 1593 611 1672 octo,
643 1589 670 1654 si
701 1607 780 1671 opus
817 1588 922 1668 luerit,
953 1589 993 1653 de
1015 1588 1157 1671 qualibet
1177 1587 1329 1654 facultate
1355 1606 1418 1669 sex,
1451 1607 1493 1654 ex

298 1695 413 1776 quibus
435 1697 540 1760 rector
560 1694 694 1776 recipiet
717 1693 806 1773 duos,
831 1696 865 1758 et
885 1692 919 1757 hi
943 1694 993 1772 16,
1017 1693 1092 1756 dum
1114 1709 1193 1775 opus
1215 1691 1320 1773 tuerit,
1343 1690 1434 1757 erunt
1457 1693 1494 1759 in

293 1797 414 1884 judicio
440 1817 511 1864 cum
533 1803 666 1864 rectore.
690 1796 723 1864 ei
745 1801 851 1864 tamen
874 1801 959 1863 esset
981 1797 1207 1864 consulendum
1236 1798 1277 1864 de
1298 1817 1333 1863 re
1354 1798 1493 1863 multum

298 1903 407 1985 ardua,
440 1907 544 1969 rector
568 1902 798 1971 Universitatis
830 1903 1033 1986 congregabit
1062 1903 1228 1968 consilium
1263 1901 1492 1968 Universitatis

296 2009 336 2074 ad
359 2007 584 2074 consulendum
607 2018 703 2091 super
723 2025 759 2073 re
780 2009 901 2089 illa,et
924 2007 1008 2090 quod
1030 2007 1074 2073 ibi
1096 2005 1267 2073 diffinitum
1280 2006 1385 2089 fuerit,
1402 2006 1491 2072 illud

295 2117 439 2180 servetur
460 2131 517 2196 per
537 2115 700 2178 rectorem.
724 2111 768 2176 Et
790 2111 961 2177 consiliarii
982 2111 1072 2194 prius
1094 2110 1187 2177 electi
1204 2111 1356 2177 assistant
1370 2112 1490 2176 rectori

296 2220 337 2286 ad
359 2216 614 2303 prosequendum
636 2221 669 2284 et
691 2217 889 2301 explendum,
912 2216 997 2299 quod
1020 2216 1050 2281 ei
1072 2216 1225 2283 dictatum
1247 2220 1297 2282 est
1326 2217 1359 2283 in
1385 2215 1490 2281 consi·

295 2324 339 2392 lio
361 2321 596 2390 Universitatis.

403 2462 451 2528 14.
475 2461 713 2560 Denotario
735 2460 943 2543 eligendo,
959 2459 1106 2544 qualis,
1130 2459 1327 2544 etqualia
1344 2459 1490 2542 jurare

298 2567 373 2634 deb
383 2570 457 2632 eat.
482 2566 632 2632 Notarius
647 2564 884 2645 Universitatis,
908 2565 983 2630 dum
999 2583 1078 2647 opus
1091 2565 1196 2644 fuerit,
1211 2582 1270 2647 per
1283 2567 1438 2627 rectorem
1456 2566 1491 2627 et

297 2671 492 2738 consiliarios
504 2670 647 2754 eligatur,
664 2674 696 2735 et
706 2669 858 2750 notarius,
871 2669 968 2735 semel
979 2669 1165 2751 reprobatus
1176 2666 1489 2751 perUniversitatem

299 2777 365 2842 suis
388 2776 585 2858 exigentibus
608 2775 780 2856 demeritis,
803 2793 866 2839 non
886 2775 989 2863 possit
1010 2773 1113 2840 denuo
1135 2771 1298 2838 reassumi.
1331 2773 1412 2837 Item
1432 2790 1489 2836 no-

296 2881 397 2946 tarius
426 2899 551 2964 semper
579 2899 660 2946 novo
689 2881 805 2945 rectori
830 2881 940 2963 jurare
964 2882 1138 2970 teneatur:¹
1156 2878 1241 2961 quod
1268 2877 1385 2943 rectori
1415 2876 1489 2942 obe-

296 2985 364 3051 diat
392 2989 424 3050 et
453 2985 494 3049 ad
522 2984 624 3069 ipsius
649 2983 848 3052 vocationem
868 2984 985 3064 veniat,
1018 2984 1169 3049 honorem
1200 2986 1233 3049 et
1262 2985 1380 3048 statum
1408 2980 1488 3046 Uni-

297 3090 458 3156 versitatis
479 3090 562 3158 bona
583 3088 645 3156 fine
671 3092 863 3174 promoveat,
895 3093 1017 3155 secreta
1045 3106 1127 3172 quae
1158 3087 1219 3153 sibi
1247 3105 1305 3170 per
1333 3090 1488 3152 rectorem

299 3198 331 3262 et
360 3193 556 3260 consiliarios
586 3195 636 3262 vel
666 3193 915 3261 Universitatem
944 3195 1112 3259 commissa
1140 3191 1266 3271 fuerim,
1301 3190 1425 3270 celabit,
1455 3192 1488 3254 et

298 3298 437 3364 servabit
459 3302 578 3366 statuta
607 3298 842 3381 Universitatis,
873 3317 955 3382 quae
985 3299 1026 3364 ad
1057 3316 1149 3363 suurn
1178 3295 1318 3362 officium
1344 3298 1487 3378 spectare

298 3403 532 3485 dignoscuntur.

403 3543 452 3610 15.
476 3543 532 3608 De
555 3541 703 3608 officio
725 3541 891 3608 notarii.
916 3540 1067 3608 Notarius
1089 3537 1313 3606 Universitatis
1328 3539 1413 3622 leget
1423 3542 1485 3604 sta-

297 3652 376 3730 tuta,
392 3667 525 3732 quorum
539 3648 744 3730 legendorum
757 3651 901 3730 tempora
923 3645 1069 3729 superius
1092 3649 1165 3712 sunt
1187 3662 1345 3727 expressa,
1368 3648 1400 3710 et
1412 3643 1484 3722 alia,

299 3772 383 3838 quae
401 3757 505 3820 rector
522 3753 615 3838 jubet
636 3751 784 3818 intimari.
1147 3836 1149 3840 Α
1254 3750 1255 3753 ’

337 3882 339 3886 ·
400 3857 489 3939 Item,
511 3856 653 3924 notarius
675 3858 708 3924 in
729 3857 798 3922 loco
822 3860 855 3922 et
877 3857 1021 3937 statione,
1044 3855 1099 3922 ubi
1121 3859 1225 3921 rector
1249 3854 1330 3920 solet
1351 3872 1407 3937 pro
1427 3852 1483 3917 tri-

297 3963 405 4030 bunali
427 3961 619 4046 praesidere,
644 3980 679 4028 se
702 3980 827 4044 semper
847 3963 1073 4045 repraesentet.
1404 4029 1410 4036 ,

400 4067 489 4148 Item,
513 4065 764 4151 quandocunque
785 4069 889 4130 rector
911 4084 983 4131 cum
1004 4063 1193 4130 consiliariis
1217 4064 1416 4130 convenerint
1432 4062 1481 4126 vel

298 4173 506 4252 Universitas,
531 4171 573 4237 sit
594 4171 664 4256 ipse
685 4171 719 4235 iri
740 4170 810 4235 loco
832 4187 993 4252 praesens,
1022 4169 1073 4235 ,ita
1095 4168 1179 4250 quod
1200 4166 1301 4250 ipsius
1329 4167 1426 4251 copia,
1451 4164 1479 4229 si

301 4276 484 4361 expedierit,
508 4275 602 4342 citius
624 4275 786 4341 habeatur.

401 4381 490 4464 Item,
513 4381 546 4445 in
567 4379 803 4459 festivitatibus,
827 4378 979 4462 exequiis,
1002 4376 1265 4463 processionibus,
1290 4395 1369 4458 quas
1383 4379 1481 4442 rebar·
