3225 5017
623 306 727 356 204
1356 302 1488 373 Gap.
1523 301 1673 357 VIII.
1718 303 1831 359 Res
1866 303 2285 361 ecclesiasticae.

820 494 894 559 In
939 495 1118 559 cuius
1163 495 1258 559 rei
1301 497 1731 561 testimonium
1776 501 2142 578 praesentes
2188 498 2405 561 literas
2464 492 2602 560 fieri
2663 498 2729 558 et
2788 493 2995 575 sigillo

612 597 844 662 Nostro
909 599 1134 681 majori
1191 599 1498 682 jussimus
1560 603 1945 666 communiri.
2035 602 2273 667 Datum
2317 596 2754 679 Lucemburgi,
2816 597 2993 662 Anno

616 702 870 766 Domini
915 701 1340 768 MCCCXXV.
1390 703 1557 768 VIII.
1611 704 1742 769 Cal.
1794 703 2013 771 Octob.
2064 708 2180 770 etc.

824 858 989 926 (Oriy.
1045 859 1214 924 Capit.
1254 859 1410 928 Praq.
1449 890 1516 898 —
1553 861 1751 912 Balbin
1798 861 1841 913 I.
1902 861 1984 914 VI.
2024 891 2090 898 —
2149 861 2370 912 Bdhmer
2418 861 2543 928 Req.
2584 862 2687 910 190
2722 878 2775 910 n.
2812 862 2900 911 84.
2940 887 3003 895 ·—

615 945 794 996 Emler
828 945 929 997 HI.
980 949 1156 1013 1134.)

831 1120 1033 1186 Pars
1114 1122 1474 1188 urburae
1537 1121 2349 1204 argentifodinarum
2422 1121 2519 1186 ad
2592 1123 3003 1186 instaura-

620 1226 930 1290 tionem
974 1225 1395 1292 ecclesiae
1438 1227 1891 1309 Pragensis
1937 1228 2330 1293 dedicata
2382 1247 2436 1292 a.-
2490 1227 2673 1291 1341.

833 1329 991 1395 Cum
1041 1330 1125 1395 sit
1168 1351 1207 1396 a
1250 1331 1499 1397 Nostris
1546 1332 1733 1398 divae
1775 1333 2119 1398 memoriae
2162 1332 2777 1415 praedecessoribus»,
2823 1331 3004 1410 regni

625 1434 925 1500 Boemiae
968 1437 1391 1502 serenissimis
1452 1438 1863 1520 principibUS‚
1925 1439 2051 1503 iam
2111 1439 2283 1503 dicta
2338 1437 2677 1517 Pragensis
2734 1434 3007 1500 ecclesia

623 1538 888 1604 fundata
955 1545 1439 1626 constructaque
1505 1543 1859 1626 antiquitus
1923 1563 1998 1608 ac
2054 1541 2386 1625 magnifice
2444 1541 2679 1620 dotata,
2747 1538 2829 1603 ad
2873 1538 3007 1601 Nos

628 1664 878 1728 quoque
921 1646 1125 1728 ipsius
1184 1647 1400 1711 divina
1455 1645 1706 1712 favente
1748 1646 1950 1713 Nobis
2008 1647 2341 1713 clementia
2398 1645 2478 1710 de
2533 1646 2671 1709 iure
2720 1643 2822 1707 ius
2868 1661 3010 1725 per-

619 1749 821 1814 tineat
861 1753 1252 1833 patronatus
1300 1769 1440 1816 eam
1483 1752 1620 1816 non'
1652 1752 1943 1817 inmerito
1988 1756 2208 1834 utpote
2236 1755 2500 1817 matrem
2533 1755 2598 1813 et
2639 1751 3010 1842 magistram

624 1857 1014 1919 caeterarum
1062 1854 1474 1920 ecclesiarum
1541 1856 1739 1920 totius
1795 1857 1971 1939 regni
2038 1857 2258 1922 Nostri
2315 1855 2615 1920 Boemiae
2672 1853 3007 1917 humiliato

620 1959 829 2042 capite
872 1963 1162 2025 tenemur
1204 1960 1271 2027 in
1315 1959 1604 2025 omnibus
1651 1961 1879 2026 devoto
1910 1961 2119 2026 animo
2150 1960 2441 2028 devotius
2484 1958 2790 2025 venerari.
2840 1956 3004 2021 Cum

623 2064 842 2146 itaque
885 2064 951 2127 in
994 2065 1159 2131 votis
1201 2063 1452 2129 Nostris
1497 2084 1538 2129 a
1579 2065 1767 2146 longe
1810 2065 2142 2129 retroactis
2170 2063 2562 2146 temporibus
2592 2061 3007 2146 praecipuum

620 2165 996 2233 haberemus
1054 2168 1288 2250 iugiter
1345 2172 1411 2234 et
1472 2168 1821 2235 habeamus
1886 2169 2260 2253 praesertim
2316 2168 2685 2235 beatissimo
2744 2166 3008 2248 martyri

619 2275 834 2337 nostro
877 2271 1272 2354 Wencezlao‚
1320 2274 1499 2337 cuius
1556 2273 1906 2355 patrocinio
1954 2280 2019 2339 et
2060 2275 2312 2340 virtutes
2362 2292 2436 2338 ac
2482 2272 3007 2338 choruscantibus

620 2377 687 2442 in
729 2375 930 2442 Nobis
973 2376 1358 2442 luculentius
1402 2377 1605 2459 ipsius
1650 2379 1992 2459 miraculis,
2037 2378 2409 2462 plerumque
2450 2378 2517 2443 in
2546 2376 3005 2442 festivitatibus

619 2482 754 2548 suis
783 2482 1015 2564 regalis
1046 2482 1358 2548 celsitudo
1387 2483 1565 2564 regni
1595 2482 1897 2549 Boemiae
1926 2484 2167 2568 pluries
2198 2483 2422 2549 salutis
2461 2486 2527 2547 et
2552 2481 3003 2565 prosperitatis

620 2587 893 2669 sumpsit
954 2585 1328 2652 beneficium
1392 2590 1457 2652 et
1522 2586 1603 2652 de
1646 2587 1934 2653 hostibus
1996 2588 2129 2653 suis
2186 2588 2595 2654 victoriosum
2651 2585 3010 2669 reportauit

619 2689 952 2773 magnifice
995 2692 1401 2775 triumphum,
1446 2709 1560 2772 pro
1601 2691 1879 2773 receptis
1921 2691 2117 2773 igitur
2156 2692 2354 2758 tantis
2398 2691 2641 2773 gratiae
2701 2690 3006 2771 praemiis

623 2796 854 2862 devota
896 2800 1106 2861 mente
1151 2800 1217 2861 et
1245 2796 1488 2861 sincero
1521 2797 1751 2878 spiritu
1781 2796 2153 2879 obsequium
2183 2797 2264 2861 de
2292 2795 2698 2861 facultatibus
2727 2793 3004 2873 NostriS,

621 2900 821 2966 Nobis
867 2919 903 2966 e
948 2901 1123 2966 coelo
1162 2900 1440 2982 creditne,
1487 2920 1564 2966 ex
1609 2901 2108 2983 dispensacionis
2167 2900 2438 2966 Nostrae
2482 2898 2691 2965 officio
2738 2917 3006 2981 erogare

622 3005 904 3071 volentes
976 3024 1053 3070 ac
1123 3005 1498 3088 temporalia
1569 3006 1713 3089 ipsa
1784 3007 1850 3072 in
1908 3007 2227 3086 coelestia,
2300 3008 2865 3085 momentaneaque
2942 3005 3005 3067 in

623 3107 1041 3174 hereditatem
1085 3112 1408 3177 aeternam
1473 3108 1645 3174 felici
1692 3111 2064 3176 commercio
2123 3109 2395 3175 feliciter
2454 3109 2779 3191 cupientes
2834 3127 3005 3172 com-

624 3217 908 3279 mutare:
974 3212 1165 3280 hodie
1208 3213 1275 3278 in
1331 3214 1456 3279 Dei
1519 3214 1772 3280 nomine
1835 3216 1914 3281 ob
1973 3216 2400 3281 reverenciam
2452 3214 2606 3279 dicti
2648 3213 3004 3279 beatissimi

621 3316 984 3382 Wencezlai
1043 3322 1109 3382 et
1153 3321 1512 3383 sanctorum
1569 3317 1705 3383 Viti
1763 3322 1828 3384 et
1886 3318 2211 3384 Adalberti
2270 3324 2335 3384 et
2375 3318 2780 3386 beatissimae
2834 3316 3005 3381 Lud-

626 3422 813 3487 milae
879 3441 954 3487 ac
1014 3421 1280 3488 aliorum
1337 3427 1744 3506 patronorum
1810 3420 2203 3504 Nostrorum,
2258 3441 2524 3505 quorum
2581 3421 2784 3487 titulis
2832 3422 3004 3485 dicta

621 3525 958 3608 Pragensis
1004 3525 1274 3591 ecclesia
1317 3525 1529 3591 extitit
1570 3524 1909 3606 gloriosius
1952 3525 2269 3608 insignita,
2314 3525 2495 3592 flexis
2547 3545 2691 3591 cum
2748 3524 3002 3590 humili-

619 3634 753 3695 tate
797 3630 1062 3713 genibus
1094 3633 1159 3694 et
1186 3629 1478 3695 manibus
1504 3628 1758 3693 Nostris
1788 3630 2137 3696 coniunctis
2167 3629 2661 3696 misericorditer
2702 3629 3002 3696 devotum

624 3733 926 3799 Nostrum
970 3735 1271 3800 dilectum
1321 3733 1688 3814 Arnustum‚
1756 3734 1957 3816 ipsius
2003 3736 2310 3802 ecclesiae
2355 3735 2683 3815 decanum,
2747 3735 3001 3802 nomine

622 3837 832 3904 dictae
876 3839 1183 3905 ecclesiae
1225 3839 1291 3903 in
1336 3839 1701 3923 praesentia
1742 3839 1938 3905 totius
1984 3841 2244 3922 capituli
2303 3840 2642 3922 Pragensis
2686 3838 2766 3903 de
2831 3841 3001 3905 veris

620 3949 685 4010 et
740 3945 1040 4026 legitimis
1107 3945 1368 4011 decimis
1426 3964 1501 4009 ac
1560 3944 1944 4009 decimarum
2003 3944 2310 4011 fructibus
2380 3948 2445 4010 et
2502 3944 2994 4011 obvencionibus

620 4068 838 4114 earum
880 4049 1196 4115 universis
1240 4067 1353 4131 pro
1398 4052 1536 4114 rata
1579 4049 1895 4130 porcionis
1940 4068 2273 4131 personam
2330 4049 2628 4114 Nostram
2695 4052 2761 4115 in
2819 4047 2999 4113 Mon-

622 4154 794 4220 tibus
841 4153 1108 4219 Chutnis
1169 4160 1235 4219 et
1276 4153 1612 4219 Brzeznicz
1675 4158 1740 4219 et
1797 4153 1949 4219 alibi
1994 4154 2352 4236 ubicunque
2409 4155 2475 4219 in
2525 4153 3002 4237 argentifodinis

622 4257 873 4323 Nostris
903 4259 970 4322 in
998 4275 1191 4339 regno
1219 4256 1451 4322 Nostro
1497 4259 1756 4322 Boemie
1803 4258 1989 4323 cultis
2033 4258 2115 4322 ad
2156 4276 2457 4340 praesens
2503 4258 2606 4324 vel
2644 4258 2999 4324 excolendis

625 4379 737 4427 seu
783 4361 865 4428 de
906 4380 1070 4428 novo
1115 4363 1577 4444 emergentibus
1623 4365 1690 4427 in
1732 4362 2034 4443 futurum,
2095 4363 2564 4446 quomodolibet
2602 4365 2996 4446 contigentia
