3225 5017
591 331 657 401 Cap.
674 330 721 384 IX.
738 331 918 390 Universitas.
947 307 950 322 ⁵
1297 338 1345 386 281

153 525 249 590 etiem
279 525 422 608 proxime
443 523 559 603 futuro,
590 525 691 589 etsie
718 524 877 607 deinceps,
910 525 971 590 nisi
1007 530 1177 592 1111111111·
1198 530 1254 591 111
1276 545 1348 591 111-

152 633 299 695 ventores
322 629 424 694 dictas
446 628 569 708 bursae,
592 627 701 694 domos
724 635 780 694 aut
803 630 966 696 commoda
989 635 1064 696 ante
1087 631 1226 713 aliquem
1248 629 1348 696 dicto-

156 753 228 800 rum
249 734 455 799 terminorum
478 733 653 814 contigeret
676 734 776 800 libere
792 735 970 820 resignare3
994 734 1052 799 sub
1068 752 1178 818 poena,
1194 734 1279 817 quod
1292 753 1350 816 per

152 839 244 904 illum
266 839 406 904 medium
428 857 544 903 annum
570 840 763 904 contrarium
785 839 914 921 faciens,
939 839 1076 920 domum,
1099 840 1236 919 bursam,
1266 857 1348 903 com-

151 943 280 1010 modum
311 942 475 1026 praedicta
503 960 561 1008 111
593 943 723 1026 aliquod
755 945 994 1010 commissorum
1026 943 1204 1010 inhabitare
1233 930 1347 1024 valeat,

153 1052 187 1112 et
214 1049 307 1112 unius
338 1066 524 1129 sexagenas,
555 1067 650 1130 quam
680 1052 828 1115 teneatur
857 1050 979 1116 solvere
1007 1049 1122 1115 rectori
1153 1047 1234 1113 infra
1258 1048 1349 1130 quin-

154 1153 277 1233 denam,
313 1153 370 1218 sub
404 1166 507 1234 poena
540 1153 637 1235 dupli.
684 1154 754 1233 Qua
782 1154 942 1237 quindena
972 1154 1081 1237 elapsa
1102 1157 1207 1218 111111
1240 1157 1349 1218 contra

152 1257 335 1340 hujusmodi
356 1261 623 1338 transgressorem
644 1260 701 1322 aut
722 1262 972 1340 transgressores
1004 1257 1062 1322 sub
1082 1257 1260 1339 juramento
1291 1274 1347 1321 seu

153 1362 310 1444 promisso
333 1379 390 1426 suo
413 1380 519 1426 coram
545 1358 762 1427 Universitate
791 1362 945 1445 praestito
975 1361 1147 1444 procedere
1175 1361 1217 1425 ad
1247 1365 1350 1426 extor-

154 1466 275 1532 sionem
306 1484 429 1549 poenae
461 1465 644 1548 praedictae
672 1469 827 1530 teneatur.
877 1465 977 1548 Cujus
1003 1482 1124 1548 poenae
1146 1463 1348 1530 medietatem

152 1571 295 1651 rectoris,
318 1571 415 1636 aliam
436 1589 511 1635 vero
534 1571 732 1637 conventoris
756 1574 812 1636 aut
836 1573 1058 1636 conventorum
1088 1569 1197 1634 usibus
1221 1587 1350 1652 congre·

153 1675 239 1757 gatio
263 1675 347 1740 dicta
370 1675 595 1742 Universitatis
618 1674 719 1740 voluit
739 1675 901 1757 applicari.
926 1672 1120 1757 Adjicientes
1135 1674 1347 1754 nihilominus,

153 1779 239 1862 quod
262 1781 290 1846 si
304 1784 416 1860 rector,
436 1783 606 1844 conventor
620 1782 676 1843 aut
694 1782 908 1859 conventores,
925 1782 981 1843 aut
996 1778 1192 1862 quiscunque
1207 1798 1264 1844 seu
1279 1779 1349 1862 qui·

154 1902 288 1966 cunque,
312 1885 401 1968 cujus
423 1884 475 1949 vel
499 1902 632 1966 quorum
653 1883 795 1962 interest,
820 1887 893 1948 ante
917 1883 1037 1948 dictum
1051 1884 1220 1948 terminum
1243 1885 1350 1950 autin

154 1989 241 2053 dicto
262 1989 395 2054 termino
418 1989 470 2054 vel
491 1991 565 2071 post
585 1988 691 2070 ipsum
712 1986 861 2069 elapsum
877 1987 917 2052 de
933 1987 1044 2053 fraude
1060 1989 1283 2054 committenda
1299 1989 1348 2053 vel

155 2093 323 2158 commissa
346 2094 538 2160 dubitaverit
559 2097 616 2158 aut
637 2092 860 2173 dubitaverint,
885 2096 1054 2158 conventor
1077 2093 1128 2157 vel
1144 2097 1349 2159 conventores

155 2202 188 2263 et
215 2198 297 2263 alius
326 2199 377 2264 vel
407 2199 471 2280 alii,
506 2217 600 2281 quem
628 2197 679 2264 vel
708 2214 787 2279 quos
817 2196 999 2281 hujusmodi
1031 2198 1192 2279 negotium
1228 2196 1349 2262 fraudis

156 2321 345 2369 concemere
367 2303 538 2386 videretur,
561 2306 707 2368 teneatur
729 2307 762 2368 et
782 2306 950 2368 teneantur
979 2302 1020 2369 de
1041 2302 1152 2368 1111111
1182 2320 1243 2368 111
1266 2320 1349 2367 111-

154 2409 253 2473 missa
284 2409 474 2492 promissum
508 2411 681 2490 praestare,
713 2411 745 2472 et
779 2407 859 2473 alias
892 2425 988 2490 super
1017 2407 1266 2490 interrogatoriis
1299 2407 1349 2473 vel

155 2512 298 2578 articulis
332 2514 451 2579 dictum
483 2513 646 2595 negotium
678 2513 880 2595 tangentibus
913 2512 1067 2594 promisso
1104 2512 1264 2578 mediante
1300 2530 1349 2576 re-

156 2618 319 2700 spondere.

259 2723 311 2788 28.
343 2722 537 2802 Qualiter
559 2726 722 2787 statuta
744 2721 926 2788 debeant
948 2721 1146 2803 obligare.
1175 2720 1224 2784 Ex
1246 2724 1349 2785 trans-

155 2826 318 2908 gressione
346 2830 538 2893 statutorum
566 2846 628 2892 non
657 2826 765 2892 statim
786 2825 919 2890 incurrit
939 2829 1154 2906 transgressor
1175 2824 1349 2908 perjurium

154 2950 212 2996 seu
223 2929 298 2997 fidei
308 2930 503 3013 fractionem,
518 2933 579 2997 nisi
594 2932 628 2997 in
638 2935 757 2996 statuto
768 2931 876 3013 aliquo
886 2931 946 2996 hoc
961 2930 1128 2996 manifeste
1143 2930 1344 3012 exprimatur.

260 3053 311 3119 29.
346 3052 490 3118 Forma
516 3054 745 3137 J'uramenti
774 3052 1105 3136 ingredientium
1136 3052 1350 3118 Universi-

156 3161 285 3224 tatem
306 3158 518 3245 (antiqua.)
544 3159 630 3242 „Ego
653 3159 691 3224 N.
710 3159 750 3224 de
764 3158 800 3223 B.
814 3159 886 3242 juro
902 3159 973 3244 (aut
985 3157 1147 3242 promitto)
1171 3157 1270 3237 vobis,
1295 3155 1349 3220 do-

156 3265 241 3328 mine
263 3267 376 3344 rector,
400 3268 433 3330 et
455 3264 569 3346 vestris
592 3265 830 3331 successoribus
860 3264 1071 3331 obedientiam
1101 3262 1135 3327 in
1165 3261 1348 3346 (mandatis)

153 3368 253 3434 licitis
275 3374 308 3434 et
328 3369 478 3436 honestis.
513 3369 594 3436 Item
615 3371 683 3452 regi
705 3375 801 3454 atque
836 3388 970 3436 coronae
992 3368 1141 3433 Boemiae
1165 3366 1254 3448 regni
1273 3364 1349 3430 fide-

155 3472 287 3538 litatem.
332 3474 412 3540 Item
442 3475 527 3557 quod
555 3476 671 3541 bonum
702 3475 927 3542 Universitatis
957 3475 1054 3540 velim
1081 3489 1276 3556 promovere,
1308 3470 1348 3534 ad

157 3595 377 3660 quemcunque
398 3584 517 3645 statum
539 3580 704 3662 devenero,
727 3599 784 3664 pro
807 3597 903 3663 posse
924 3597 1005 3661 mec,
1030 3583 1063 3644 et
1077 3581 1198 3644 statuta
1217 3575 1349 3640 Univer-

158 3680 262 3747 sitatis
283 3681 368 3749 facta
390 3689 423 3750 et
444 3683 590 3752 iacienda
611 3705 667 3769 pro
690 3703 785 3768 posse
807 3703 943 3751 servare.
988 3683 1070 3749 ltem
1097 3681 1181 3766 quod
1202 3680 1350 3764 injuriam

155 3787 318 3870 propriam
349 3808 407 3855 nec
435 3808 494 3872 per
525 3809 576 3856 me
608 3790 713 3874 ipsum
745 3808 804 3856 nec
838 3808 895 3872 per
924 3790 1021 3855 alium
1051 3791 1177 3874 praeter
1207 3785 1349 3851 ordinem

157 3891 258 3957 velim·
275 3892 445 3973 vindicare,
473 3893 530 3958 sed
553 3912 649 3976 super
670 3893 730 3960 boc
750 3894 885 3960 rectoris
908 3891 1046 3959 officium
1076 3894 1254 3977 implorare.
1300 3889 1350 3956 Sic

157 4015 209 4062 me
230 3997 319 4063 Deus
341 3997 508 4081 11111111ι

263 4122 312 4189 10.
359 4120 570 4204 Specialis
604 4073 916 4188 Universitatie
947 4122 1199 4204 jnristarum
1232 4120 1350 4186 insti-

157 4226 276 4291 tutio.
302 4226 394 4291 1372.

262 4330 342 4384 Anno
361 4329 394 4384 N.
412 4330 447 4384 D.
467 4335 533 4384 1372
552 4329 581 4384 in
597 4330 713 4391 iestoS.
733 4331 841 4400 Georgii
859 4330 893 4386 de
911 4330 1081 4399 beneplacito
1101 4331 1137 4385 D.
1153 4330 1249 4386 Nostri
1261 4331 1347 4400 Impe-

157 4415 258 4470 ratoris
276 4415 349 4472 facta
367 4418 494 4487 specialis
516 4423 558 4471 est
575 4418 803 4473 Universitas
825 4418 1035 4486 juristarum
1058 4419 1087 4472 in
1106 4417 1199 4473 Studio
1218 4418 1349 4488 Pragensi
