3225 5017
446 335 510 403 Cep.
529 335 562 389 II.
580 332 668 403 Regni
685 336 713 390 in
732 335 872 391 districtus
891 337 997 392 divisio.
1281 346 1313 396 el

233 525 351 590 Datum
374 525 512 592 Mendici
537 527 630 608 1405,
654 529 707 594 die
728 529 757 594 5.
782 529 936 594 ianuarii.

232 629 287 694 (os
304 630 369 698 orig,
388 631 489 683 archivi
506 631 626 684 Litomor.
646 633 729 685 Pctzcl
744 633 780 685 K.
799 633 898 687 Wonzol
914 632 962 686 IV.
980 653 1006 685 n.
1025 632 1112 687 0071.
1139 635 1265 703 &aedon
1282 644 1318 688 te·

124 715 199 767 noris
209 721 234 768 et
244 717 303 768 doti
314 717 404 770 literae
422 726 510 772 entant
522 720 665 788 oriyinoles
681 721 710 773 in
728 721 842 774 ar'cniois
861 721 908 774 cie.
922 720 1017 784 Cinim,
1035 721 1131 785 Piiccn,
1144 720 1248 774 Glatow
1260 724 1317 788 eto.)

703 949 741 1013 D.

241 1065 415 1138 Districtns
436 1065 585 1133 Booinico
607 1069 713 1155 qnoad
735 1069 1043 1136 administrationem
1060 1072 1216 1156 justitiae.

231 1259 315 1326 1252
337 1264 369 1324 ct
392 1259 474 1325 1257
498 1309 505 1325 .
530 1310 537 1324 .
562 1310 569 1326 .
595 1311 601 1324 .
626 1265 661 1326 ut
682 1281 740 1327 nec
762 1263 795 1327 in
817 1262 934 1344 Pilcen,
957 1265 1064 1330 necin
1086 1263 1178 1344 Mica,
1201 1264 1314 1328 necin

123 1361 298 1445 Racovnik,
315 1384 372 1431 nec
387 1366 420 1430 in
435 1365 497 1430 alio
513 1365 577 1430 ullo
593 1366 661 1431 loco
676 1366 710 1431 in
721 1367 857 1433 seculari
869 1369 990 1450 judicio
1004 1369 1131 1435 valeant
1146 1369 1313 1434 conveniri.

233 1469 324 1535 1268.
350 1469 505 1536 Otacarus
522 1471 676 1537 ecclesiae
691 1469 962 1555 wissegradensi:
985 1475 1119 1558 Insuper
1133 1475 1229 1538 etiam
1243 1490 1316 1555 pro-

122 1573 300 1640 vinciarum
318 1575 447 1657 judicia,
479 1575 541 1641 vid.
566 1577 598 1640 in
619 1575 818 1659 Prachen,
841 1578 984 1660 Bozen,
1007 1579 1140 1645 Peska
1163 1583 1195 1643 ct
1216 1578 1316 1642 Dau-

124 1677 232 1759 dleb,
255 1698 387 1762 quorum
410 1681 527 1745 mentio
550 1680 583 1745 in
606 1685 753 1746 contextu
773 1682 929 1747 dictorum
950 1683 1187 1765 privilegiorum
1210 1682 1317 1747 habita

120 1783 211 1849 nulla
224 1782 294 1865 fuit,
310 1786 464 1850 ecclesiae
479 1785 679 1849 concedimus
698 1786 770 1868 jure
781 1792 934 1871 perpetuo
946 1782 1147 1869 possidenda,
1163 1787 1314 1865 uolentes,

121 1892 159 1952 ut
182 1887 216 1952 in
239 1890 383 1956 omnibus
406 1890 494 1973 regni
517 1887 679 1955 beneficiis
709 1889 814 1955 dictus
844 1891 1050 1957 cancellarius
1077 1890 1195 1957 habeat
1224 1891 1316 1955 suum

122 1995 312 2058 nuntium
334 1995 409 2060 ved
432 1995 655 2059 druhonem
677 1995 719 2059 ad
737 1997 812 2078 jura
838 1996 991 2060 ecclesiae
1013 1995 1211 2078 requirenda.
1237 1993 1316 2076 (Ha-

121 2097 326 2177 merschmid,
350 2098 468 2180 Gloria,
492 2099 573 2167 Emi.
597 2099 636 2164 H.
661 2101 771 2181 2795.)

231 2202 322 2268 1298.
357 2201 563 2269 Wenceslaus
592 2223 647 2268 rex
670 2205 895 2269 monasterium
916 2203 1072 2286 Teplense
1095 2204 1204 2269 eximit
1225 2223 1245 2269 a
1263 2205 1315 2286 ju-

122 2305 218 2372 diciis
247 2306 493 2389 provincialibus
523 2307 709 2388 Miscnsi,
750 2307 973 2389 Pilznensi,
1003 2308 1315 2374 Domazlicensi
1358 2336 1361 2341 ·

122 2415 155 2476 et
179 2411 453 2478 Olatouiensi.
479 2413 541 2498 (Ex
564 2412 640 2496 orig.
665 2431 745 2478 mon.
770 2413 857 2495 Tepl.
881 2413 990 2479 Enrlcr
1011 2413 1049 2479 Π.
1076 2413 1184 2496 1780.)

229 2586 401 2670 Bydiov.
427 2587 480 2653 Oa.
500 2588 591 2653 1318.
616 2563 698 2652 Wok
715 2587 754 2653 dc
770 2585 985 2671 Retenstcyna
1005 2589 1206 2671 conqueritur
1217 2605 1316 2670 ,super

122 2689 434 2757 beneficiarios
456 2690 777 2774 Bidzowienses,
801 2694 876 2774 quia
892 2712 964 2757 curn
979 2693 1095 2776 injuste
1111 2693 1217 2773 citant,
1240 2693 1315 2775 quia

122 2813 205 2860 uxor
228 2813 286 2862 sua
307 2796 352 2861 ibi
374 2814 437 2860 nen
461 2796 560 2862 sedet.
585 2796 666 2882 (Rei,
690 2771 829 2862 tabfcit.
854 2797 942 2880 374.)

231 2951 389 3038 caslav.
413 2971 505 3036 1320.
529 2971 683 3036 excussio
698 2972 731 3034 in
745 2970 952 3036 nenena.
978 3021 984 3035 .
1009 3021 1016 3035 .
1041 2970 1099 3037 seu
1114 2971 1313 3051 camerarius,

121 3076 177 3156 qui
201 3075 311 3141 citavit
335 3094 398 3157 ecc,
422 3095 484 3141 non
506 3076 721 3158 pronuntiavit
743 3077 934 3157 citationem,
958 3077 1014 3142 sed
1029 3077 1097 3140 loco
1113 3076 1163 3140 sui
1178 3094 1314 3158 pronun·

120 3180 216 3246 tiavit
232 3182 422 3247 camerarius
435 3180 604 3263 Pragensis
620 3200 691 3246 cum
714 3183 886 3248 camerario
903 3181 1125 3248 Ozaslaviensi.
1149 3180 1229 3264 (Rei.
1249 3181 1312 3245 tab.

123 3285 174 3350 cit.
202 3285 268 3367 95.)

229 3389 320 3454 1419.
345 3388 516 3455 Benessius
540 3391 654 3456 citatus
677 3391 820 3459 defendit
841 3411 876 3458 se
900 3393 932 3457 in
952 3392 1122 3458 testatione
1144 3391 1313 3470 citationis,

122 3491 242 3573 dicens,
266 3495 350 3575 quod
371 3514 433 3559 non
457 3501 506 3560 est
528 3495 634 3563 debite
657 3498 782 3578 citatus
805 3499 880 3580 quia
903 3516 976 3563 eum
991 3498 1101 3564 citavit
1123 3497 1313 3564 camerarius

122 3597 285 3664 districtus
316 3598 519 3681 Ourimensis,
554 3605 586 3665 et
617 3603 686 3684 ipse
719 3603 840 3669 residet
871 3604 904 3668 in
926 3604 1073 3669 districtu
1104 3582 1308 3668 Caslsviensi.

123 3701 213 3786 (Tab.
238 3703 304 3786 cit.)

228 3876 393 3944 Gradec.
420 3880 512 3945 1394.
548 3880 721 3946 Benessius
744 3882 784 3947 de
806 3883 938 3964 Bissicz,
968 3884 1047 3951 alias
1070 3884 1110 3950 de
1132 3880 1310 3966 sompnia,

125 3981 255 4052 veniens
285 4001 419 4048 coram
448 3985 569 4067 pleno
592 3985 806 4051 beneficio
830 3988 1055 4054 districtus
1088 3989 1311 4054 Grecensis

123 4087 305 4169 recognovit
321 4089 457 4171 publice,
480 4091 587 4171 quod.
612 4141 619 4156 .
644 4141 651 4156 .
676 4095 708 4156 et
726 4092 874 4174 promisit
888 4092 981 4159 dictis
996 4091 1205 4159 beneficiariis
1219 4112 1311 4175 prae·

124 4189 225 4256 dictos
253 4191 431 4259 Jarussium
461 4194 515 4280 (de
538 4193 726 4277 Studencze)
756 4200 789 4261 et
817 4195 1012 4264 Sdenconem
1041 4198 1095 4282 (de
1121 4197 1310 4280 Studencze)

125 4293 164 4359 de
192 4297 335 4364 omnibus
366 4298 488 4364 damnis
519 4299 691 4382 exbrigsre,
722 4306 817 4384 prout
837 4303 877 4367 in
902 4303 1061 4370 tabulis
1083 4302 1309 4368 Grecensis

124 4398 348 4470 districtus
370 4404 494 4486 plenius
517 4405 700 4472 continetur.
726 4406 829 4490 (Dsky
852 4404 1011 4491 dvorske.)
