3225 5017
638 1301 855 1387 capitulum
877 1300 981 1369 xl11.

699 1545 916 1641 Judaei.

314 1875 550 1960 Privilegia
571 1876 826 1942 Judaeorum
854 1874 1046 1942 aOarolo
1068 1875 1121 1943 IV.
1154 1876 1404 1945 confirmata

213 1980 305 2047 1356.
329 1983 380 2048 30.
404 1980 490 2064 Sept

313 2087 350 2151 In
371 2084 497 2152 nominc
520 2089 648 2151 sanctae
669 2090 703 2152 et
724 2073 908 2151 individuae
929 2084 1094 2151 Trinitatis
1117 2083 1260 2151 feliciter.
1291 2085 1401 2154 Amen.

312 2190 450 2256 Karalus
472 2194 604 2274 quartus
626 2191 734 2257 divina
755 2190 883 2256 favente
913 2190 1080 2256 clementia
1105 2191 1318 2256 Romanorum
1344 2194 1402 2257 im-

210 2301 339 2379 perator
360 2314 487 2379 semper
507 2299 662 2378 augustus
685 2299 718 2361 et
738 2293 890 2361 Boemiae
911 2312 976 2360 rex.
1000 2294 1051 2360 Ad
1067 2297 1252 2378 perpetuam
1273 2296 1320 2362 rei
1339 2315 1405 2362 me-

210 2419 352 2466 m0r1am.

313 2504 465 2571 Exhibitus
485 2504 622 2571 Nostrae
645 2503 826 2570 celsitudini
847 2522 905 2587 pro
928 2508 1019 2587 parte
1044 2502 1239 2570 Judaeorum
1267 2505 1405 2588 Pragen-

211 2611 294 2674 sium
313 2627 373 2675 nec
393 2626 457 2673 non
478 2609 617 2674 omnium
638 2607 772 2674 aliorum
793 2606 990 2674 {Iudaeorum
1010 2608 1044 2673 in
1066 2627 1163 2690 regno
1185 2609 1301 2674 Nostro
1323 2609 1405 2674 Boe-

210 2713 293 2780 miae
308 2718 341 2779 et
354 2713 449 2779 terris
468 2710 568 2779 Nobis
582 2712 734 2779 subiectis
750 2713 999 2793 consistentium,
1024 2731 1166 2779 camerae
1182 2711 1317 2779 Nostrae
1341 2731 1406 2779 aer-

210 2834 330 2900 vorum,
354 2818 487 2901 supplex
509 2817 621 2900 petitio
645 2817 834 2897 continebat,
858 2821 893 2882 ut
906 2817 1065 2900 quoddam
1079 2817 1280 2900 privilegium
1303 2818 1407 2884 clarae

210 2923 380 2989 memoriae
401 2922 534 2989 illustris
557 2920 715 3005 quondam
731 2918 887 3001 Ottakari
909 2923 986 2986 tumc
1006 2920 1096 2986 ducis
1111 2919 1261 2987 Austriae
1276 2925 1309 2989 et
1322 2941 1405 2988 mar-

212 3027 333 3094 chionis
366 3026 538 3108 Moraviae,
573 3025 730 3109 quaedam
750 3024 918 3107 privilegia
948 3025 1123 3107 apostolica
1149 3025 1243 3092 dictis
1273 3024 1406 3092 Judaeis

212 3129 434 3213 confirmantis,
464 3147 607 3196 necnon
629 3129 717 3196 aliud
739 3128 942 3212 privilegium
964 3129 1106 3195 eiusdem
1134 3130 1292 3214 quondam
1315 3129 1406 3196 Otta-

210 3235 280 3302 kari
302 3240 338 3301 ut
359 3237 444 3318 regis
466 3234 627 3317 Boemiae,
658 3253 754 3318 super
782 3233 907 3318 juribus
935 3237 968 3299 ct
990 3233 1194 3300 distinctione
1224 3234 1406 3301 eorumdem

211 3339 407 3406 Judaeorum
429 3338 612 3422 approbare,
635 3334 803 3418 ratificare,
827 3337 978 3404 innovare
1001 3343 1034 3404 et
1056 3337 1238 3405 confirmare
1261 3340 1301 3404 de
1319 3339 1408 3405 beni-

211 3446 333 3527 gnitate
356 3444 451 3510 solita
471 3444 682 3526 dignaremur.

314 3549 456 3628 Quorum
477 3548 606 3632 quidem
627 3545 865 3630 privilegiorum
888 3547 982 3630 primi
1004 3551 1095 3614 tenor
1116 3548 1190 3614 talis
1214 3553 1279 3615 est:
1317 3547 1407 3613 Otta-

210 3654 318 3735 karus,
341 3653 396 3735 qui
418 3656 451 3718 ct
472 3650 654 3737 Przyemysl
676 3655 735 3718 etc.
759 3650 856 3737 (Vide
881 3649 956 3716 Ood.
982 3650 1051 3717 Jur.
1076 3651 1182 3717 Boem.
1207 3651 1230 3716 Ι.
1255 3651 1306 3718 45.
1342 3651 1408 3718 Lex

211 3758 407 3824 Judaeorum
430 3794 469 3804 —
496 3756 745 3836 constitutiones
768 3755 924 3839 papales.)

314 3861 451 3928 Secundi
476 3879 551 3929 vero
572 3861 742 3944 privilegii,
772 3861 813 3926 de
836 3879 898 3942 quo
921 3875 1017 3942 supro
1043 3855 1080 3925 fit
1101 3859 1232 3941 mentio,
1264 3861 1337 3926 talis
1361 3866 1410 3926 cst

210 3971 318 4032 tenor:
338 3966 375 4032 In
390 3966 518 4032 nomine
533 3970 661 4032 sanctas
676 3969 709 4030 et
722 3964 906 4030 individuae
921 3963 1093 4030 Trinitatis.
1111 3963 1221 4030 Amen.
1245 3963 1312 4031 Nos
1329 3964 1406 4031 Ota-

210 4071 307 4138 karus
329 4074 388 4138 cta.
413 4070 498 4156 (Vid.
523 4069 599 4137 Ood.
623 4069 691 4134 Jur.
714 4068 823 4135 Boem.
847 4069 870 4134 Ι.
895 4069 937 4136 45
965 4067 1090 4133 Statuta
1111 4067 1331 4151 Judaeorum.)

314 4175 380 4242 Nos
413 4175 512 4258 igitur
543 4167 798 4257 supradictorum
834 4173 1029 4240 Judaeorum
1059 4173 1247 4238 Nostrorum
1281 4173 1405 4240 devotis

210 4279 359 4365 precibus
391 4278 562 4361 benignius
600 4277 752 4360 inclinati,
786 4278 1073 4344 animadvertentes
1107 4278 1287 4360 praecipue,
1333 4279 1408 4360 quia

213 4388 340 4453 sanctae
361 4383 472 4448 matris
495 4382 649 4449 ecclesiae
673 4382 951 4450 constitutionibus
976 4401 1014 4448 ac
1036 4384 1201 4449 beatorum
1226 4387 1352 4465 patrum
1374 4382 1408 4446 in
