3225 5017
274 309 309 357 88
593 304 658 374 Gap.
676 303 711 357 11.
728 301 817 372 Regni
833 304 862 357 in
880 302 1019 358 districtus
1037 304 1144 359 divisio.

273 495 464 580 qnempiam,
488 495 545 560 sed
578 496 683 578 potius
714 493 886 562 efficaciter
908 500 1140 577 manuteneant,
1171 496 1335 563 defensent
1363 495 1470 560 etad

272 600 509 682 requisitionem
531 601 630 666 vestri
652 602 743 667 vobis
765 598 902 666 fideliter
928 602 1088 682 assistant,
1111 601 1292 684 faciantque
1312 601 1403 669 vobis
1425 600 1470 664 de

274 704 419 770 omnibus
438 697 573 787 juribus,
596 705 708 788 gratiis
731 709 763 770 et
781 705 962 786 honoribus,
985 725 1068 789 quae
1082 704 1123 770 ad
1138 703 1276 771 officium
1290 705 1469 788 praelatum

273 813 417 892 spectare
441 814 624 890 noscuntur,
648 810 788 892 plenarie
810 810 1004 893 responderi,
1036 811 1154 876 Datum
1176 809 1297 892 Progne
1318 830 1346 875 a.
1372 810 1467 875 1381.

377 921 431 990 (aa
448 923 513 991 oq.
533 922 580 976 aa
600 922 801 976 sarmatam
819 903 939 976 dates
961 923 989 976 V.
1008 922 1091 991 moa,
1110 923 1160 991 11.)

306 1065 307 1070 '
378 1097 470 1162 rear.
495 1096 546 1162 aa
570 1097 650 1180 nug.
697 1097 785 1168 roem
816 1097 994 1163 commisso
1025 1097 1102 1167 aaa
1134 1097 1254 1162 aviae
1280 1095 1470 1164 moncons

277 1220 349 1268 cum
371 1201 562 1267 variatione:
586 1199 775 1268 Mandantes
798 1206 831 1267 et
852 1202 1083 1285 praecipientes
1099 1201 1288 1282 camerariis,
1312 1201 1472 1266 candaliis

275 1305 462 1389 burgraviis,
485 1305 733 1388 viceburgraviis
755 1325 793 1372 ac
816 1307 960 1372 omnibus
990 1306 1062 1371 aliis
1092 1307 1369 1389 poprawcaonibus
1392 1357 1398 1370 .
1425 1357 1432 1370 .
1459 1355 1466 1371 .

378 1419 433 1487 (m
452 1419 516 1489 erip.
535 1437 600 1474 coes.
618 1419 728 1474 Archioi
750 1418 861 1472 Vaadob.
879 1419 971 1483 Pelacl,
994 1420 1094 1472 wanze
1110 1419 1238 1487 XXVII.)

375 1595 468 1660 1390.
479 1595 529 1659 28.
540 1593 632 1660 Mart.
645 1593 860 1660 Wenceslaus.
874 1593 1025 1659 Boemiae
1035 1612 1101 1658 ren.
1114 1593 1275 1659 Radoaoui
1284 1593 1470 1677 derkany

274 1697 360 1767 fideli
376 1702 482 1763 nostro
497 1737 540 1746 -
557 1700 691 1780 gratiam
706 1737 756 1764 -.
781 1697 831 1762 De
846 1695 921 1762 fidei
937 1702 970 1763 et
983 1699 1273 1781 circumspectionis
1287 1703 1363 1763 tuae
1376 1698 1471 1762 indu·

275 1803 353 1868 stria
367 1803 494 1886 plenam
509 1804 686 1869 obtinentes
698 1800 847 1868 fiduciam
861 1807 895 1867 te
908 1840 951 1848 —
966 1822 1222 1886 poprawczonem
1237 1803 1469 1868 districtus

274 1905 515 1972 Grecaensis
531 1907 751 1972 const’tuimus
764 1910 796 1972 ct
806 1906 941 1972 facimus
955 1925 1013 1989 per
1024 1911 1216 1990 praesentes,
1232 1913 1328 1990 teque
1338 1925 1470 1972 numero

272 2012 405 2076 aliorum
427 2011 614 2076 Nostrorum
635 2031 896 2095 poprawczonum
915 2012 1057 2095 ejusdem
1073 2012 1470 2095 districtus‘praesentibus

275 2135 495 2198 aggregamus,
527 2117 639 2182 dantes
669 2117 728 2182 tibi
757 2118 884 2199 plenam
912 2117 1132 2184 auctoritatem
1158 2123 1190 2184 et
1211 2136 1306 2200 posse
1327 2116 1472 2181 animad-

272 2220 417 2286 vertendi
431 2221 465 2285 in
479 2220 682 2302 facinorosos,
705 2239 817 2303 pacem
832 2227 865 2287 et
878 2221 1139 2303 tranquillitatem
1154 2222 1328 2302 ordinandi,
1349 2221 1471 2304 omnia-

272 2342 335 2407 que
347 2329 380 2389 et
395 2326 519 2407 singula
533 2325 670 2390 faciendi
686 2330 718 2390 et
733 2326 910 2406 exercendi,
934 2345 1016 2408 quae
1031 2326 1072 2390 ad
1087 2345 1195 2390 verum
1211 2344 1471 2409 poprawczonem

274 2433 307 2493 et
329 2430 398 2512 ejus
420 2425 559 2494 officium
581 2435 649 2494 tum
673 2429 713 2494 de
740 2431 813 2514 jure
835 2449 930 2513 quam
960 2431 1057 2495 etiam
1082 2431 1256 2513 approbata
1276 2431 1366 2511 regni
1388 2428 1471 2495 Boe-

274 2533 358 2598 miae
381 2535 609 2600 consuetudine
640 2539 785 2617 spectare
814 2539 995 2600 noscuntur.
1042 2534 1228 2600 Mandantes
1258 2535 1415 2600 universis
1436 2539 1473 2598 et

274 2637 406 2720 singulis
428 2639 638 2720 burggraviis,
669 2637 867 2719 officialibus,
899 2641 1071 2720 civitatum,
1104 2639 1301 2722 oppidorum,
1324 2639 1473 2704 villarum
1581 2622 1584 2646 ³

275 2743 560 2823 communitatibus,
585 2745 781 2828 caeterisque
804 2744 930 2809 Nostris
960 2742 1105 2810 fidelibus
1138 2745 1171 2808 in
1205 2745 1289 2810 dicto
1323 2744 1473 2808 districtu

274 2847 455 2912 constitutis
477 2845 609 2913 firmiter
628 2854 664 2914 'et
685 2867 845 2932 expresso,
868 2854 905 2914 ut
926 2848 968 2914 ad
989 2853 1022 2914 te
1035 2852 1196 2931 tamquam
1211 2866 1477 2932 poprawczonem.

275 2955 455 3032 respectum
477 2953 622 3034 habeant,
654 2955 775 3036 tibique
804 2955 838 3019 in
860 2953 1044 3020 exercendis
1075 2953 1138 3018 hiis
1160 2971 1241 3034 quae
1267 2952 1308 3017 ad
1330 2950 1472 3018 officium

275 3072 442 3138 poprawae
457 3057 624 3140 pertinent,
649 3058 724 3124 dum
747 3063 780 3124 et
800 3061 926 3141 quoties
947 3077 1005 3141 per
1026 3061 1059 3122 te
1073 3058 1218 3139 requisiti
1240 3056 1366 3137 fuerint,
1389 3057 1472 3122 assi-

276 3162 361 3224 stant
384 3161 523 3227 consiliis
546 3166 579 3227 et
601 3163 728 3228 auxiliis
751 3165 945 3247 opportunis.
969 3164 1088 3229 Datum
1109 3163 1142 3227 in
1165 3160 1311 3227 Mendico
1334 3213 1341 3226 .
1366 3213 1373 3226 .
1399 3214 1405 3226 ,

380 3271 435 3337 (ma
452 3290 551 3340 sumam
570 3291 640 3325 conc.
660 3273 756 3326 Oorola'.
774 3274 868 3342 Peraea,
886 3275 921 3329 K
945 3276 1043 3328 Weaacl
1060 3275 1171 3343 LXIX)

380 3446 472 3514 1343.
498 3444 631 3512 Carolus
645 3465 702 3512 rex
718 3485 761 3494 —
777 3467 849 3513 cum
864 3451 959 3532 plena
973 3451 1162 3517 auctoritate
1180 3451 1269 3532 regia
1282 3448 1469 3516 instituendi

275 3555 307 3617 et
329 3549 522 3616 destituendi
545 3550 585 3616 in
607 3553 829 3634 provincia
851 3553 1158 3620 Racobnioensi
1180 3553 1470 3638 provincialemju-

275 3654 378 3721 dicem
400 3673 456 3720 seu
479 3673 745 3738 poprawcnonem.
770 3657 867 3741 (Vide
888 3676 959 3740 pag.
984 3657 1051 3742 94.)

376 3883 419 3892 -
442 3846 575 3912 Listuov
610 3867 652 3913 na
686 3865 897 3930 popravce
929 3846 1019 3912 krale
1047 3847 1195 3930 Vficlava,
1228 3850 1310 3916 lrdel
1343 3849 1391 3916 sie
1419 3867 1468 3932 po

274 3950 469 4032 krajieoh
504 3953 692 4036 ustanoVuJe
728 3952 996 4033 popravcemi
1033 3953 1139 4035 pokad
1179 3973 1214 4019 se
1253 3956 1385 4038 aproviti
1418 3954 1468 4037 pii

274 4055 373 4140 svych
402 4056 582 4139 popravach
611 4056 705 4139 maji:
742 4054 883 4137 Najprve
921 4057 981 4140 aby
1011 4057 1112 4142 ladny
1142 4059 1281 4125 ihainov
1310 4058 1468 4126 aahdbcl

274 4159 363 4224 neme
392 4159 642 4243 nepiechovaval
671 4159 756 4242 proti
785 4161 867 4224 aemi
889 4198 933 4206 -
954 4162 1087 4227 neslfilil
1114 4163 1156 4228 ke
1181 4164 1284 4230 bkode
1313 4165 1380 4247 jejl,
1412 4163 1468 4228 tak

271 4262 366 4358 jabai
385 4266 450 4348 jest
472 4263 596 4329 dskami
618 4263 792 4348 zemskymi
815 4263 879 4329 filie
901 4263 1043 4332 dotdeno,
1066 4268 1185 4333 Datum
1206 4288 1288 4334 anno
1312 4269 1403 4336 1405.

381 4374 470 4442 (arca.
489 4377 602 4444 narrar)
