<?xml version="1.0" encoding="UTF-8"?>
<!DOCTYPE html PUBLIC "-//W3C//DTD XHTML 1.0 Transitional//EN"
    "http://www.w3.org/TR/xhtml1/DTD/xhtml1-transitional.dtd">
<html xmlns="http://www.w3.org/1999/xhtml" xml:lang="en" lang="en">
 <head>
  <title>
</title>
<meta http-equiv="Content-Type" content="text/html;charset=utf-8" />
  <meta name='ocr-system' content='tesseract 3.04.00' />
  <meta name='ocr-capabilities' content='ocr_page ocr_carea ocr_par ocr_line ocrx_word'/>
</head>
<body>
  <div class='ocr_page' id='page_1' title='image "./codexjurisbohem02kingoog_0296.png"; bbox 0 0 3225 5017; ppageno 0'>
   <div class='ocr_carea' id='block_1_1' title="bbox 194 313 1031 383">
    <p class='ocr_par' dir='ltr' id='par_1_1' title="bbox 194 313 1031 383">
     <span class='ocr_line' id='line_1_1' title="bbox 194 313 1031 383; baseline 0 -14"><span class='ocrx_word' id='word_1_1' title='bbox 194 322 197 331; x_wconf 85' lang='lat'>&#39;</span> <span class='ocrx_word' id='word_1_2' title='bbox 273 323 323 370; x_wconf 79' lang='lat'>286</span> <span class='ocrx_word' id='word_1_3' title='bbox 705 313 770 383; x_wconf 87' lang='lat' dir='ltr'>Cap.</span> <span class='ocrx_word' id='word_1_4' title='bbox 788 315 836 368; x_wconf 91' lang='lat' dir='ltr'>lX.</span> <span class='ocrx_word' id='word_1_5' title='bbox 854 315 1031 372; x_wconf 80' lang='lat' dir='ltr'>Universitas</span> 
     </span>
    </p>
   </div>
   <div class='ocr_carea' id='block_1_2' title="bbox 267 509 1468 806">
    <p class='ocr_par' dir='ltr' id='par_1_2' title="bbox 267 509 1468 806">
     <span class='ocr_line' id='line_1_2' title="bbox 272 509 1468 596; baseline 0 -18"><span class='ocrx_word' id='word_1_6' title='bbox 272 517 305 578; x_wconf 93' lang='lat' dir='ltr'>et</span> <span class='ocrx_word' id='word_1_7' title='bbox 325 529 387 576; x_wconf 93' lang='lat' dir='ltr'>non</span> <span class='ocrx_word' id='word_1_8' title='bbox 419 510 549 591; x_wconf 88' lang='lat' dir='ltr'>coeptis,</span> <span class='ocrx_word' id='word_1_9' title='bbox 580 509 799 592; x_wconf 84' lang='lat' dir='ltr'>praesentibus</span> <span class='ocrx_word' id='word_1_10' title='bbox 829 514 862 576; x_wconf 91' lang='lat' dir='ltr'>et</span> <span class='ocrx_word' id='word_1_11' title='bbox 890 509 1017 592; x_wconf 87' lang='lat' dir='ltr'>futuris,</span> <span class='ocrx_word' id='word_1_12' title='bbox 1047 515 1235 594; x_wconf 87' lang='lat' dir='ltr'>perpetuata</span> <span class='ocrx_word' id='word_1_13' title='bbox 1262 517 1405 596; x_wconf 86' lang='lat' dir='ltr'>potestas</span> <span class='ocrx_word' id='word_1_14' title='bbox 1434 519 1468 578; x_wconf 91' lang='lat' dir='ltr'>et</span> 
     </span>
     <span class='ocr_line' id='line_1_3' title="bbox 267 615 1468 702; baseline 0.003 -20"><span class='ocrx_word' id='word_1_15' title='bbox 267 617 447 702; x_wconf 87' lang='lat' dir='ltr'>jurisdictio</span> <span class='ocrx_word' id='word_1_16' title='bbox 478 615 640 694; x_wconf 84' lang='lat' dir='ltr'>attributa,</span> <span class='ocrx_word' id='word_1_17' title='bbox 674 619 711 680; x_wconf 91' lang='lat' dir='ltr'>ut</span> <span class='ocrx_word' id='word_1_18' title='bbox 744 633 782 679; x_wconf 92' lang='lat' dir='ltr'>eo</span> <span class='ocrx_word' id='word_1_19' title='bbox 804 615 922 697; x_wconf 85' lang='lat' dir='ltr'>vigore,</span> <span class='ocrx_word' id='word_1_20' title='bbox 957 635 1059 700; x_wconf 89' lang='lat' dir='ltr'>eaque</span> <span class='ocrx_word' id='word_1_21' title='bbox 1090 615 1239 684; x_wconf 87' lang='lat' dir='ltr'>firmitate</span> <span class='ocrx_word' id='word_1_22' title='bbox 1272 621 1402 701; x_wconf 91' lang='lat' dir='ltr'>possitis</span> <span class='ocrx_word' id='word_1_23' title='bbox 1433 620 1468 686; x_wconf 93' lang='lat' dir='ltr'>in</span> 
     </span>
     <span class='ocr_line' id='line_1_4' title="bbox 270 721 1468 806; baseline 0.001 -19"><span class='ocrx_word' id='word_1_24' title='bbox 270 721 454 806; x_wconf 84' lang='lat' dir='ltr'><strong>praemissis</strong></span> <span class='ocrx_word' id='word_1_25' title='bbox 476 721 631 802; x_wconf 90' lang='lat' dir='ltr'>omuibus,</span> <span class='ocrx_word' id='word_1_26' title='bbox 655 721 777 804; x_wconf 88' lang='lat' dir='ltr'>coeptis</span> <span class='ocrx_word' id='word_1_27' title='bbox 806 725 840 786; x_wconf 91' lang='lat' dir='ltr'>et</span> <span class='ocrx_word' id='word_1_28' title='bbox 861 738 922 787; x_wconf 93' lang='lat' dir='ltr'>non</span> <span class='ocrx_word' id='word_1_29' title='bbox 945 723 1075 805; x_wconf 90' lang='lat' dir='ltr'>coeptis,</span> <span class='ocrx_word' id='word_1_30' title='bbox 1107 724 1326 806; x_wconf 88' lang='lat' dir='ltr'>praesentibus</span> <span class='ocrx_word' id='word_1_31' title='bbox 1358 728 1391 790; x_wconf 91' lang='lat' dir='ltr'>et</span> <span class='ocrx_word' id='word_1_32' title='bbox 1414 725 1468 789; x_wconf 86' lang='lat' dir='ltr'>fu-</span> 
     </span>
    </p>
   </div>
   <div class='ocr_carea' id='block_1_3' title="bbox 269 805 1586 912">
    <p class='ocr_par' dir='ltr' id='par_1_3' title="bbox 269 805 1586 912">
     <span class='ocr_line' id='line_1_5' title="bbox 269 805 1586 912; baseline 0.001 -17"><span class='ocrx_word' id='word_1_33' title='bbox 269 831 360 910; x_wconf 89' lang='lat' dir='ltr'>turis,</span> <span class='ocrx_word' id='word_1_34' title='bbox 382 833 416 895; x_wconf 91' lang='lat' dir='ltr'>et</span> <span class='ocrx_word' id='word_1_35' title='bbox 435 847 493 912; x_wconf 91' lang='lat' dir='ltr'>pro</span> <span class='ocrx_word' id='word_1_36' title='bbox 515 828 687 912; x_wconf 90' lang='lat' dir='ltr'>praedictis</span> <span class='ocrx_word' id='word_1_37' title='bbox 708 827 890 911; x_wconf 79' lang='lat' dir='ltr'>procedere,</span> <span class='ocrx_word' id='word_1_38' title='bbox 914 847 951 893; x_wconf 89' lang='lat' dir='ltr'>ac</span> <span class='ocrx_word' id='word_1_39' title='bbox 974 830 1002 894; x_wconf 91' lang='lat' dir='ltr'>si</span> <span class='ocrx_word' id='word_1_40' title='bbox 1023 829 1187 912; x_wconf 86' lang='lat' dir='ltr'>praedicta</span> <span class='ocrx_word' id='word_1_41' title='bbox 1210 831 1314 895; x_wconf 90' lang='lat' dir='ltr'>omnia</span> <span class='ocrx_word' id='word_1_42' title='bbox 1344 834 1377 895; x_wconf 90' lang='lat' dir='ltr'>et</span> <span class='ocrx_word' id='word_1_43' title='bbox 1399 831 1465 896; x_wconf 93' lang='lat' dir='ltr'>sin·</span> <span class='ocrx_word' id='word_1_44' title='bbox 1585 805 1586 852; x_wconf 26' lang='grc' dir='ltr'><strong>Τ</strong></span> 
     </span>
    </p>
   </div>
   <div class='ocr_carea' id='block_1_4' title="bbox 229 932 1468 1227">
    <p class='ocr_par' dir='ltr' id='par_1_4' title="bbox 229 932 1468 1227">
     <span class='ocr_line' id='line_1_6' title="bbox 268 932 1463 1018; baseline -0.002 -17"><span class='ocrx_word' id='word_1_45' title='bbox 268 937 343 1018; x_wconf 89' lang='lat' dir='ltr'>gula</span> <span class='ocrx_word' id='word_1_46' title='bbox 366 953 471 1001; x_wconf 89' lang='lat' dir='ltr'>eoram</span> <span class='ocrx_word' id='word_1_47' title='bbox 492 935 583 1000; x_wconf 87' lang='lat' dir='ltr'>vobis</span> <span class='ocrx_word' id='word_1_48' title='bbox 605 937 717 1016; x_wconf 88' lang='lat' dir='ltr'>coepta</span> <span class='ocrx_word' id='word_1_49' title='bbox 738 932 883 1014; x_wconf 85' lang='lat' dir='ltr'>fuissent,</span> <span class='ocrx_word' id='word_1_50' title='bbox 918 937 951 998; x_wconf 92' lang='lat' dir='ltr'>et</span> <span class='ocrx_word' id='word_1_51' title='bbox 968 933 1148 1016; x_wconf 89' lang='lat' dir='ltr'>jurisdictio</span> <span class='ocrx_word' id='word_1_52' title='bbox 1170 938 1276 1000; x_wconf 88' lang='lat' dir='ltr'>vestra</span> <span class='ocrx_word' id='word_1_53' title='bbox 1301 938 1333 999; x_wconf 90' lang='lat' dir='ltr'>et</span> <span class='ocrx_word' id='word_1_54' title='bbox 1356 935 1463 1018; x_wconf 89' lang='lat' dir='ltr'>eujus-</span> 
     </span>
     <span class='ocr_line' id='line_1_7' title="bbox 229 1038 1468 1123; baseline -0.002 -16"><span class='ocrx_word' id='word_1_55' title='bbox 229 1086 232 1090; x_wconf 84' lang='lat'>·</span> <span class='ocrx_word' id='word_1_56' title='bbox 268 1041 347 1108; x_wconf 90' lang='lat' dir='ltr'>libet</span> <span class='ocrx_word' id='word_1_57' title='bbox 369 1045 509 1106; x_wconf 88' lang='lat' dir='ltr'>vestrum</span> <span class='ocrx_word' id='word_1_58' title='bbox 541 1041 575 1105; x_wconf 91' lang='lat' dir='ltr'>in</span> <span class='ocrx_word' id='word_1_59' title='bbox 597 1038 768 1123; x_wconf 89' lang='lat' dir='ltr'>praedictis</span> <span class='ocrx_word' id='word_1_60' title='bbox 798 1039 943 1106; x_wconf 92' lang='lat' dir='ltr'>omnibus</span> <span class='ocrx_word' id='word_1_61' title='bbox 973 1045 1006 1106; x_wconf 90' lang='lat' dir='ltr'>et</span> <span class='ocrx_word' id='word_1_62' title='bbox 1034 1040 1167 1122; x_wconf 90' lang='lat' dir='ltr'>singulis</span> <span class='ocrx_word' id='word_1_63' title='bbox 1193 1058 1250 1122; x_wconf 88' lang='lat' dir='ltr'>per</span> <span class='ocrx_word' id='word_1_64' title='bbox 1280 1039 1468 1105; x_wconf 78' lang='lat' dir='ltr'>citationem</span> 
     </span>
     <span class='ocr_line' id='line_1_8' title="bbox 269 1145 1465 1227; baseline -0.001 -14"><span class='ocrx_word' id='word_1_65' title='bbox 269 1147 320 1213; x_wconf 87' lang='lat' dir='ltr'>vel</span> <span class='ocrx_word' id='word_1_66' title='bbox 348 1145 476 1211; x_wconf 91' lang='lat' dir='ltr'>modum</span> <span class='ocrx_word' id='word_1_67' title='bbox 505 1145 602 1210; x_wconf 88' lang='lat' dir='ltr'>aliurn</span> <span class='ocrx_word' id='word_1_68' title='bbox 631 1147 820 1226; x_wconf 81' lang='lat' dir='ltr'>perpetuata</span> <span class='ocrx_word' id='word_1_69' title='bbox 848 1145 991 1227; x_wconf 90' lang='lat' dir='ltr'>legitima</span> <span class='ocrx_word' id='word_1_70' title='bbox 1021 1145 1205 1226; x_wconf 68' lang='lat' dir='ltr'>exstitisset</span> <span class='ocrx_word' id='word_1_71' title='bbox 1238 1145 1465 1212; x_wconf 85' lang='lat' dir='ltr'>constitutione</span> 
     </span>
    </p>
   </div>
   <div class='ocr_carea' id='block_1_5' title="bbox 268 1249 1587 1440">
    <p class='ocr_par' dir='ltr' id='par_1_5' title="bbox 268 1249 1587 1440">
     <span class='ocr_line' id='line_1_9' title="bbox 268 1249 1587 1348; baseline -0.001 -32"><span class='ocrx_word' id='word_1_72' title='bbox 268 1252 432 1334; x_wconf 90' lang='lat' dir='ltr'>praedicta</span> <span class='ocrx_word' id='word_1_73' title='bbox 460 1269 557 1333; x_wconf 90' lang='lat' dir='ltr'>super</span> <span class='ocrx_word' id='word_1_74' title='bbox 582 1249 857 1315; x_wconf 82' lang='lat' dir='ltr'>conservatoribus</span> <span class='ocrx_word' id='word_1_75' title='bbox 888 1255 921 1314; x_wconf 89' lang='lat' dir='ltr'>et</span> <span class='ocrx_word' id='word_1_76' title='bbox 949 1250 1013 1316; x_wconf 86' lang='lat' dir='ltr'>alia</span> <span class='ocrx_word' id='word_1_77' title='bbox 1042 1251 1183 1334; x_wconf 89' lang='lat' dir='ltr'>qualibet</span> <span class='ocrx_word' id='word_1_78' title='bbox 1208 1253 1242 1316; x_wconf 91' lang='lat' dir='ltr'>in</span> <span class='ocrx_word' id='word_1_79' title='bbox 1272 1250 1465 1315; x_wconf 85' lang='lat' dir='ltr'>contrarium</span> <span class='ocrx_word' id='word_1_80' title='bbox 1586 1327 1587 1348; x_wconf 21' lang='grc' dir='ltr'>ἢ</span> 
     </span>
     <span class='ocr_line' id='line_1_10' title="bbox 270 1354 1587 1440; baseline -0.002 -18"><span class='ocrx_word' id='word_1_81' title='bbox 270 1356 356 1422; x_wconf 89' lang='lat' dir='ltr'>edita</span> <span class='ocrx_word' id='word_1_82' title='bbox 385 1373 447 1421; x_wconf 92' lang='lat' dir='ltr'>non</span> <span class='ocrx_word' id='word_1_83' title='bbox 477 1356 639 1433; x_wconf 88' lang='lat' dir='ltr'>obstante;</span> <span class='ocrx_word' id='word_1_84' title='bbox 669 1354 893 1438; x_wconf 85' lang='lat' dir='ltr'>praesentibus</span> <span class='ocrx_word' id='word_1_85' title='bbox 926 1359 999 1438; x_wconf 91' lang='lat' dir='ltr'>post</span> <span class='ocrx_word' id='word_1_86' title='bbox 1034 1356 1147 1438; x_wconf 88' lang='lat' dir='ltr'>viginti</span> <span class='ocrx_word' id='word_1_87' title='bbox 1184 1355 1323 1440; x_wconf 86' lang='lat' dir='ltr'>quinque</span> <span class='ocrx_word' id='word_1_88' title='bbox 1361 1372 1461 1420; x_wconf 90' lang='lat' dir='ltr'>annos</span> <span class='ocrx_word' id='word_1_89' title='bbox 1586 1365 1587 1374; x_wconf 75' lang='grc'>’</span> 
     </span>
    </p>
   </div>
   <div class='ocr_carea' id='block_1_6' title="bbox 268 1459 1588 1858">
    <p class='ocr_par' dir='ltr' id='par_1_6' title="bbox 268 1459 1588 1858">
     <span class='ocr_line' id='line_1_11' title="bbox 269 1459 1461 1543; baseline -0.002 -17"><span class='ocrx_word' id='word_1_90' title='bbox 269 1481 288 1526; x_wconf 90' lang='lat' dir='ltr'>a</span> <span class='ocrx_word' id='word_1_91' title='bbox 325 1461 399 1528; x_wconf 92' lang='lat' dir='ltr'>dato</span> <span class='ocrx_word' id='word_1_92' title='bbox 435 1460 650 1543; x_wconf 89' lang='lat' dir='ltr'>praesentium</span> <span class='ocrx_word' id='word_1_93' title='bbox 687 1459 913 1542; x_wconf 86' lang='lat' dir='ltr'>computandos</span> <span class='ocrx_word' id='word_1_94' title='bbox 944 1459 1074 1525; x_wconf 90' lang='lat' dir='ltr'>minime</span> <span class='ocrx_word' id='word_1_95' title='bbox 1107 1460 1260 1525; x_wconf 86' lang='lat' dir='ltr'>valituris.</span> <span class='ocrx_word' id='word_1_96' title='bbox 1306 1459 1461 1525; x_wconf 87' lang='lat' dir='ltr'>Volumus</span> 
     </span>
     <span class='ocr_line' id='line_1_12' title="bbox 268 1562 1461 1658; baseline -0.002 -27"><span class='ocrx_word' id='word_1_97' title='bbox 268 1569 384 1645; x_wconf 89' lang='lat' dir='ltr'>autem,</span> <span class='ocrx_word' id='word_1_98' title='bbox 407 1563 521 1646; x_wconf 86' lang='lat' dir='ltr'>quodsi</span> <span class='ocrx_word' id='word_1_99' title='bbox 542 1564 621 1628; x_wconf 88' lang='lat' dir='ltr'>alias</span> <span class='ocrx_word' id='word_1_100' title='bbox 644 1563 757 1629; x_wconf 90' lang='lat' dir='ltr'>similis</span> <span class='ocrx_word' id='word_1_101' title='bbox 779 1563 831 1628; x_wconf 86' lang='lat' dir='ltr'>vel</span> <span class='ocrx_word' id='word_1_102' title='bbox 853 1562 917 1628; x_wconf 90' lang='lat' dir='ltr'>alia</span> <span class='ocrx_word' id='word_1_103' title='bbox 940 1565 1181 1658; x_wconf 84' lang='lat' dir='ltr'>conservatoria,</span> <span class='ocrx_word' id='word_1_104' title='bbox 1209 1568 1265 1630; x_wconf 90' lang='lat' dir='ltr'>aut</span> <span class='ocrx_word' id='word_1_105' title='bbox 1287 1565 1461 1645; x_wconf 81' lang='lat' dir='ltr'>concessio,</span> 
     </span>
     <span class='ocr_line' id='line_1_13' title="bbox 268 1667 1465 1752; baseline -0.003 -16"><span class='ocrx_word' id='word_1_106' title='bbox 268 1671 320 1736; x_wconf 87' lang='lat' dir='ltr'>vel</span> <span class='ocrx_word' id='word_1_107' title='bbox 342 1668 521 1735; x_wconf 91' lang='lat' dir='ltr'>commissio</span> <span class='ocrx_word' id='word_1_108' title='bbox 543 1686 600 1751; x_wconf 91' lang='lat' dir='ltr'>per</span> <span class='ocrx_word' id='word_1_109' title='bbox 621 1685 678 1733; x_wconf 94' lang='lat' dir='ltr'>nos</span> <span class='ocrx_word' id='word_1_110' title='bbox 701 1685 757 1732; x_wconf 92' lang='lat' dir='ltr'>seu</span> <span class='ocrx_word' id='word_1_111' title='bbox 791 1667 915 1750; x_wconf 90' lang='lat' dir='ltr'>aliquos</span> <span class='ocrx_word' id='word_1_112' title='bbox 944 1669 1206 1752; x_wconf 88' lang='lat' dir='ltr'>praedecessores</span> <span class='ocrx_word' id='word_1_113' title='bbox 1234 1673 1368 1750; x_wconf 88' lang='lat' dir='ltr'>nostros,</span> <span class='ocrx_word' id='word_1_114' title='bbox 1397 1669 1465 1734; x_wconf 92' lang='lat' dir='ltr'>Ro-</span> 
     </span>
     <span class='ocr_line' id='line_1_14' title="bbox 268 1770 1588 1858; baseline -0.002 -18"><span class='ocrx_word' id='word_1_115' title='bbox 268 1792 377 1840; x_wconf 87' lang='lat' dir='ltr'>manos</span> <span class='ocrx_word' id='word_1_116' title='bbox 410 1770 584 1857; x_wconf 87' lang='lat' dir='ltr'>pontifices,</span> <span class='ocrx_word' id='word_1_117' title='bbox 618 1790 720 1854; x_wconf 88' lang='lat' dir='ltr'>usque</span> <span class='ocrx_word' id='word_1_118' title='bbox 753 1773 794 1836; x_wconf 93' lang='lat' dir='ltr'>ad</span> <span class='ocrx_word' id='word_1_119' title='bbox 830 1776 950 1838; x_wconf 88' lang='lat' dir='ltr'>certum</span> <span class='ocrx_word' id='word_1_120' title='bbox 982 1777 1108 1856; x_wconf 90' lang='lat' dir='ltr'>tempus</span> <span class='ocrx_word' id='word_1_121' title='bbox 1144 1773 1283 1839; x_wconf 87' lang='lat' dir='ltr'>nondum</span> <span class='ocrx_word' id='word_1_122' title='bbox 1317 1774 1464 1856; x_wconf 87' lang='lat' dir='ltr'>elapsum</span> <span class='ocrx_word' id='word_1_123' title='bbox 1587 1773 1588 1858; x_wconf 67' lang='lat' dir='ltr'>l</span> 
     </span>
    </p>
   </div>
   <div class='ocr_carea' id='block_1_7' title="bbox 268 1878 1588 1962">
    <p class='ocr_par' dir='ltr' id='par_1_7' title="bbox 268 1878 1588 1962">
     <span class='ocr_line' id='line_1_15' title="bbox 268 1878 1588 1962; baseline -0.002 -16"><span class='ocrx_word' id='word_1_124' title='bbox 268 1881 310 1946; x_wconf 90' lang='lat' dir='ltr'>ad</span> <span class='ocrx_word' id='word_1_125' title='bbox 330 1879 564 1962; x_wconf 88' lang='lat' dir='ltr'>praedictorum</span> <span class='ocrx_word' id='word_1_126' title='bbox 587 1879 833 1962; x_wconf 87' lang='lat' dir='ltr'>supplicantium</span> <span class='ocrx_word' id='word_1_127' title='bbox 855 1878 1037 1943; x_wconf 90' lang='lat' dir='ltr'>instantiam</span> <span class='ocrx_word' id='word_1_128' title='bbox 1060 1897 1155 1961; x_wconf 90' lang='lat' dir='ltr'>super</span> <span class='ocrx_word' id='word_1_129' title='bbox 1175 1879 1359 1962; x_wconf 86' lang='lat' dir='ltr'>praemissis</span> <span class='ocrx_word' id='word_1_130' title='bbox 1388 1896 1465 1944; x_wconf 86' lang='lat' dir='ltr'>con·</span> <span class='ocrx_word' id='word_1_131' title='bbox 1587 1915 1588 1922; x_wconf 24' lang='grc' dir='ltr'><strong>κ</strong></span> 
     </span>
    </p>
   </div>
   <div class='ocr_carea' id='block_1_8' title="bbox 266 1982 1464 2275">
    <p class='ocr_par' dir='ltr' id='par_1_8' title="bbox 266 1982 1464 2275">
     <span class='ocr_line' id='line_1_16' title="bbox 269 1982 1463 2065; baseline -0.002 -15"><span class='ocrx_word' id='word_1_132' title='bbox 269 2003 358 2051; x_wconf 89' lang='lat' dir='ltr'>cessa</span> <span class='ocrx_word' id='word_1_133' title='bbox 380 1985 432 2049; x_wconf 92' lang='lat' dir='ltr'>vel</span> <span class='ocrx_word' id='word_1_134' title='bbox 453 1982 537 2049; x_wconf 87' lang='lat' dir='ltr'>facta</span> <span class='ocrx_word' id='word_1_135' title='bbox 559 1983 664 2064; x_wconf 88' lang='lat' dir='ltr'>fuerit,</span> <span class='ocrx_word' id='word_1_136' title='bbox 695 1982 780 2065; x_wconf 91' lang='lat' dir='ltr'>quod</span> <span class='ocrx_word' id='word_1_137' title='bbox 800 1983 872 2065; x_wconf 91' lang='lat' dir='ltr'>ipsa</span> <span class='ocrx_word' id='word_1_138' title='bbox 894 1982 973 2048; x_wconf 89' lang='lat' dir='ltr'>alias</span> <span class='ocrx_word' id='word_1_139' title='bbox 1005 1982 1090 2049; x_wconf 87' lang='lat' dir='ltr'>facta</span> <span class='ocrx_word' id='word_1_140' title='bbox 1112 1985 1273 2050; x_wconf 89' lang='lat' dir='ltr'>concessio</span> <span class='ocrx_word' id='word_1_141' title='bbox 1302 1985 1353 2050; x_wconf 77' lang='lat' dir='ltr'>uel</span> <span class='ocrx_word' id='word_1_142' title='bbox 1375 2001 1463 2049; x_wconf 90' lang='lat' dir='ltr'>com-</span> 
     </span>
     <span class='ocr_line' id='line_1_17' title="bbox 267 2087 1464 2170; baseline 0.001 -16"><span class='ocrx_word' id='word_1_143' title='bbox 267 2090 375 2155; x_wconf 89' lang='lat' dir='ltr'>missio</span> <span class='ocrx_word' id='word_1_144' title='bbox 408 2092 441 2154; x_wconf 93' lang='lat' dir='ltr'>et</span> <span class='ocrx_word' id='word_1_145' title='bbox 462 2089 573 2154; x_wconf 89' lang='lat' dir='ltr'>literae</span> <span class='ocrx_word' id='word_1_146' title='bbox 596 2087 723 2154; x_wconf 89' lang='lat' dir='ltr'>habitae</span> <span class='ocrx_word' id='word_1_147' title='bbox 755 2105 852 2170; x_wconf 90' lang='lat' dir='ltr'>super</span> <span class='ocrx_word' id='word_1_148' title='bbox 882 2087 1001 2168; x_wconf 89' lang='lat' dir='ltr'>eadem,</span> <span class='ocrx_word' id='word_1_149' title='bbox 1034 2107 1073 2154; x_wconf 87' lang='lat' dir='ltr'>ex</span> <span class='ocrx_word' id='word_1_150' title='bbox 1094 2107 1177 2154; x_wconf 88' lang='lat' dir='ltr'>nunc</span> <span class='ocrx_word' id='word_1_151' title='bbox 1201 2090 1264 2155; x_wconf 87' lang='lat' dir='ltr'>sint</span> <span class='ocrx_word' id='word_1_152' title='bbox 1294 2107 1405 2155; x_wconf 90' lang='lat' dir='ltr'>cassae</span> <span class='ocrx_word' id='word_1_153' title='bbox 1427 2091 1464 2154; x_wconf 92' lang='lat' dir='ltr'>et</span> 
     </span>
     <span class='ocr_line' id='line_1_18' title="bbox 266 2192 987 2275; baseline -0.006 -14"><span class='ocrx_word' id='word_1_154' title='bbox 266 2195 383 2274; x_wconf 88' lang='lat' dir='ltr'>irritae,</span> <span class='ocrx_word' id='word_1_155' title='bbox 405 2193 587 2275; x_wconf 88' lang='lat' dir='ltr'>nulliusque</span> <span class='ocrx_word' id='word_1_156' title='bbox 608 2192 730 2259; x_wconf 88' lang='lat' dir='ltr'>roboris</span> <span class='ocrx_word' id='word_1_157' title='bbox 751 2192 803 2257; x_wconf 85' lang='lat' dir='ltr'>vel</span> <span class='ocrx_word' id='word_1_158' title='bbox 829 2192 987 2258; x_wconf 89' lang='lat' dir='ltr'>momenti.</span> 
     </span>
    </p>
   </div>
   <div class='ocr_carea' id='block_1_9' title="bbox 369 2295 1589 2380">
    <p class='ocr_par' dir='ltr' id='par_1_9' title="bbox 369 2295 1589 2380">
     <span class='ocr_line' id='line_1_19' title="bbox 369 2295 1589 2380; baseline -0.002 -16"><span class='ocrx_word' id='word_1_159' title='bbox 369 2298 488 2364; x_wconf 90' lang='lat' dir='ltr'>Datum</span> <span class='ocrx_word' id='word_1_160' title='bbox 516 2297 645 2377; x_wconf 87' lang='lat' dir='ltr'>Romae,</span> <span class='ocrx_word' id='word_1_161' title='bbox 677 2295 762 2380; x_wconf 91' lang='lat' dir='ltr'>apud</span> <span class='ocrx_word' id='word_1_162' title='bbox 795 2300 938 2362; x_wconf 90' lang='lat' dir='ltr'>sanctum</span> <span class='ocrx_word' id='word_1_163' title='bbox 959 2295 1097 2378; x_wconf 89' lang='lat' dir='ltr'>Petrum,</span> <span class='ocrx_word' id='word_1_164' title='bbox 1131 2296 1200 2363; x_wconf 88' lang='lat' dir='ltr'>Vll.</span> <span class='ocrx_word' id='word_1_165' title='bbox 1235 2297 1368 2365; x_wconf 88' lang='lat' dir='ltr'>Kalend.</span> <span class='ocrx_word' id='word_1_166' title='bbox 1399 2296 1463 2364; x_wconf 85' lang='lat' dir='ltr'>Fe·</span> <span class='ocrx_word' id='word_1_167' title='bbox 1588 2329 1589 2374; x_wconf 67' lang='lat'>3</span> 
     </span>
    </p>
   </div>
   <div class='ocr_carea' id='block_1_10' title="bbox 265 2399 1273 2575">
    <p class='ocr_par' dir='ltr' id='par_1_10' title="bbox 265 2399 1273 2575">
     <span class='ocr_line' id='line_1_20' title="bbox 265 2399 988 2484; baseline -0.003 -14"><span class='ocrx_word' id='word_1_168' title='bbox 265 2402 394 2484; x_wconf 89' lang='lat' dir='ltr'>bruarii,</span> <span class='ocrx_word' id='word_1_169' title='bbox 417 2399 619 2484; x_wconf 86' lang='lat' dir='ltr'>pontificatus</span> <span class='ocrx_word' id='word_1_170' title='bbox 640 2401 741 2466; x_wconf 87' lang='lat' dir='ltr'>nostri</span> <span class='ocrx_word' id='word_1_171' title='bbox 762 2419 846 2467; x_wconf 88' lang='lat' dir='ltr'>anno</span> <span class='ocrx_word' id='word_1_172' title='bbox 861 2405 988 2468; x_wconf 80' lang='lat' dir='ltr'>¹octavo.</span> 
     </span>
     <span class='ocr_line' id='line_1_21' title="bbox 369 2503 1273 2575; baseline -0.001 -18"><span class='ocrx_word' id='word_1_173' title='bbox 369 2504 453 2575; x_wconf 71' lang='lat' dir='ltr'>(Orip.</span> <span class='ocrx_word' id='word_1_174' title='bbox 471 2507 541 2559; x_wconf 67' lang='lat' dir='ltr'>orcle.</span> <span class='ocrx_word' id='word_1_175' title='bbox 564 2506 638 2558; x_wconf 81' lang='lat' dir='ltr'>Unio.</span> <span class='ocrx_word' id='word_1_176' title='bbox 657 2505 736 2574; x_wconf 71' lang='lat' dir='ltr'>Prop.</span> <span class='ocrx_word' id='word_1_177' title='bbox 755 2533 789 2542; x_wconf 92' lang='lat'>—</span> <span class='ocrx_word' id='word_1_178' title='bbox 807 2505 877 2558; x_wconf 82' lang='lat' dir='ltr'>Mon.</span> <span class='ocrx_word' id='word_1_179' title='bbox 896 2505 955 2558; x_wconf 74' lang='lat' dir='ltr'>tiss.</span> <span class='ocrx_word' id='word_1_180' title='bbox 975 2504 1026 2556; x_wconf 87' lang='grc' dir='ltr'><em>ΙΙΙ.</em></span> <span class='ocrx_word' id='word_1_181' title='bbox 1046 2505 1113 2570; x_wconf 80' lang='lat' dir='ltr'>dipl.</span> <span class='ocrx_word' id='word_1_182' title='bbox 1132 2503 1273 2573; x_wconf 85' lang='lat' dir='ltr'><em>XXXIX.)</em></span> 
     </span>
    </p>
   </div>
   <div class='ocr_carea' id='block_1_11' title="bbox 369 2679 1327 2854">
    <p class='ocr_par' dir='ltr' id='par_1_11' title="bbox 369 2679 1327 2854">
     <span class='ocr_line' id='line_1_22' title="bbox 372 2679 1249 2747; baseline 0 -1"><span class='ocrx_word' id='word_1_183' title='bbox 372 2682 420 2746; x_wconf 87' lang='lat'>13.</span> <span class='ocrx_word' id='word_1_184' title='bbox 445 2679 615 2747; x_wconf 85' lang='lat' dir='ltr'>Statuta</span> <span class='ocrx_word' id='word_1_185' title='bbox 636 2680 861 2747; x_wconf 85' lang='lat' dir='ltr'>facultatis</span> <span class='ocrx_word' id='word_1_186' title='bbox 884 2680 1133 2746; x_wconf 86' lang='lat' dir='ltr'>artistarum</span> <span class='ocrx_word' id='word_1_187' title='bbox 1156 2681 1249 2747; x_wconf 88' lang='grc'><strong>1390.</strong></span> 
     </span>
     <span class='ocr_line' id='line_1_23' title="bbox 369 2784 1327 2854; baseline -0.003 -15"><span class='ocrx_word' id='word_1_188' title='bbox 369 2784 518 2852; x_wconf 66' lang='lat' dir='ltr'>(Coniectare</span> <span class='ocrx_word' id='word_1_189' title='bbox 535 2785 630 2854; x_wconf 68' lang='lat' dir='ltr'>legitur</span> <span class='ocrx_word' id='word_1_190' title='bbox 647 2784 676 2838; x_wconf 81' lang='lat' dir='ltr'>ia</span> <span class='ocrx_word' id='word_1_191' title='bbox 694 2785 764 2835; x_wconf 84' lang='lat' dir='ltr'>Mon.</span> <span class='ocrx_word' id='word_1_192' title='bbox 782 2785 842 2838; x_wconf 75' lang='lat' dir='ltr'>liar.</span> <span class='ocrx_word' id='word_1_193' title='bbox 866 2784 939 2839; x_wconf 80' lang='lat' dir='ltr'>Unic.</span> <span class='ocrx_word' id='word_1_194' title='bbox 960 2785 1038 2852; x_wconf 76' lang='lat' dir='ltr'>Prop.</span> <span class='ocrx_word' id='word_1_195' title='bbox 1057 2786 1078 2838; x_wconf 88' lang='lat' dir='ltr'>I.</span> <span class='ocrx_word' id='word_1_196' title='bbox 1098 2788 1122 2838; x_wconf 91' lang='lat'>1.</span> <span class='ocrx_word' id='word_1_197' title='bbox 1139 2803 1169 2852; x_wconf 85' lang='lat' dir='ltr'>p.</span> <span class='ocrx_word' id='word_1_198' title='bbox 1187 2787 1327 2851; x_wconf 83' lang='lat'><strong><em>35-124.)</em></strong></span> 
     </span>
    </p>
   </div>
   <div class='ocr_carea' id='block_1_12' title="bbox 261 2923 1460 4051">
    <p class='ocr_par' dir='ltr' id='par_1_12' title="bbox 264 2923 1460 3096">
     <span class='ocr_line' id='line_1_24' title="bbox 370 2923 1460 3008; baseline 0.002 -19"><span class='ocrx_word' id='word_1_199' title='bbox 370 2925 419 2990; x_wconf 74' lang='lat'>14</span> <span class='ocrx_word' id='word_1_200' title='bbox 474 2924 693 3007; x_wconf 84' lang='lat' dir='ltr'>Exemptio</span> <span class='ocrx_word' id='word_1_201' title='bbox 737 2923 1048 2991; x_wconf 87' lang='lat' dir='ltr'>Universitatis</span> <span class='ocrx_word' id='word_1_202' title='bbox 1093 2945 1112 2990; x_wconf 90' lang='lat' dir='ltr'>a</span> <span class='ocrx_word' id='word_1_203' title='bbox 1145 2925 1460 3008; x_wconf 88' lang='lat' dir='ltr'>jurisdictione</span> 
     </span>
     <span class='ocr_line' id='line_1_25' title="bbox 264 3028 726 3096; baseline -0.002 -2"><span class='ocrx_word' id='word_1_204' title='bbox 264 3030 409 3096; x_wconf 88' lang='lat' dir='ltr'>aliena.</span> <span class='ocrx_word' id='word_1_205' title='bbox 435 3029 527 3094; x_wconf 80' lang='lat'>1392.</span> <span class='ocrx_word' id='word_1_206' title='bbox 554 3029 606 3094; x_wconf 78' lang='lat'>22.</span> <span class='ocrx_word' id='word_1_207' title='bbox 628 3028 726 3094; x_wconf 86' lang='lat' dir='ltr'>Nor.</span> 
     </span>
    </p>

    <p class='ocr_par' dir='ltr' id='par_1_13' title="bbox 265 3132 1459 3304">
     <span class='ocr_line' id='line_1_26' title="bbox 368 3132 1459 3218; baseline 0.005 -20"><span class='ocrx_word' id='word_1_208' title='bbox 368 3133 575 3200; x_wconf 89' lang='lat' dir='ltr'>Wenceslaus</span> <span class='ocrx_word' id='word_1_209' title='bbox 598 3134 660 3198; x_wconf 89' lang='lat' dir='ltr'>Dei</span> <span class='ocrx_word' id='word_1_210' title='bbox 682 3133 785 3214; x_wconf 86' lang='lat' dir='ltr'>gratia</span> <span class='ocrx_word' id='word_1_211' title='bbox 810 3132 1023 3200; x_wconf 90' lang='lat' dir='ltr'>Romanorum</span> <span class='ocrx_word' id='word_1_212' title='bbox 1051 3153 1107 3199; x_wconf 83' lang='lat' dir='ltr'>rer</span> <span class='ocrx_word' id='word_1_213' title='bbox 1138 3151 1264 3216; x_wconf 90' lang='lat' dir='ltr'>semper</span> <span class='ocrx_word' id='word_1_214' title='bbox 1291 3134 1459 3218; x_wconf 82' lang='lat' dir='ltr'>Augustus</span> 
     </span>
     <span class='ocr_line' id='line_1_27' title="bbox 265 3236 554 3304; baseline -0.003 -1"><span class='ocrx_word' id='word_1_215' title='bbox 265 3241 298 3303; x_wconf 91' lang='lat' dir='ltr'>et</span> <span class='ocrx_word' id='word_1_216' title='bbox 319 3236 468 3304; x_wconf 87' lang='lat' dir='ltr'>Boemiae</span> <span class='ocrx_word' id='word_1_217' title='bbox 489 3255 554 3303; x_wconf 86' lang='lat' dir='ltr'>rex.</span> 
     </span>
    </p>

    <p class='ocr_par' dir='ltr' id='par_1_14' title="bbox 261 3341 1459 4051">
     <span class='ocr_line' id='line_1_28' title="bbox 367 3341 1458 3427; baseline 0.005 -20"><span class='ocrx_word' id='word_1_218' title='bbox 367 3342 485 3408; x_wconf 91' lang='lat' dir='ltr'>Notum</span> <span class='ocrx_word' id='word_1_219' title='bbox 505 3341 638 3408; x_wconf 84' lang='lat' dir='ltr'>iacimus</span> <span class='ocrx_word' id='word_1_220' title='bbox 660 3346 770 3407; x_wconf 88' lang='lat' dir='ltr'>tenore</span> <span class='ocrx_word' id='word_1_221' title='bbox 791 3343 1006 3425; x_wconf 90' lang='lat' dir='ltr'>praesentium</span> <span class='ocrx_word' id='word_1_222' title='bbox 1035 3343 1202 3424; x_wconf 84' lang='lat' dir='ltr'>universis,</span> <span class='ocrx_word' id='word_1_223' title='bbox 1233 3343 1316 3427; x_wconf 90' lang='lat' dir='ltr'>quod</span> <span class='ocrx_word' id='word_1_224' title='bbox 1346 3344 1458 3413; x_wconf 90' lang='lat' dir='ltr'>habito</span> 
     </span>
     <span class='ocr_line' id='line_1_29' title="bbox 263 3447 1458 3533; baseline 0.004 -20"><span class='ocrx_word' id='word_1_225' title='bbox 263 3453 410 3531; x_wconf 90' lang='lat' dir='ltr'>respectu</span> <span class='ocrx_word' id='word_1_226' title='bbox 442 3448 483 3511; x_wconf 91' lang='lat' dir='ltr'>ad</span> <span class='ocrx_word' id='word_1_227' title='bbox 514 3466 661 3529; x_wconf 91' lang='lat' dir='ltr'>magnam</span> <span class='ocrx_word' id='word_1_228' title='bbox 694 3447 938 3514; x_wconf 90' lang='lat' dir='ltr'>sollicitudinem</span> <span class='ocrx_word' id='word_1_229' title='bbox 968 3448 1171 3530; x_wconf 87' lang='lat' dir='ltr'>praeteritam</span> <span class='ocrx_word' id='word_1_230' title='bbox 1205 3452 1237 3513; x_wconf 91' lang='lat' dir='ltr'>et</span> <span class='ocrx_word' id='word_1_231' title='bbox 1266 3450 1458 3533; x_wconf 90' lang='lat' dir='ltr'>multiplicia</span> 
     </span>
     <span class='ocr_line' id='line_1_30' title="bbox 263 3551 1456 3636; baseline 0.003 -17"><span class='ocrx_word' id='word_1_232' title='bbox 263 3554 370 3619; x_wconf 90' lang='lat' dir='ltr'>studia</span> <span class='ocrx_word' id='word_1_233' title='bbox 391 3552 484 3618; x_wconf 88' lang='lat' dir='ltr'>divae</span> <span class='ocrx_word' id='word_1_234' title='bbox 505 3552 675 3618; x_wconf 89' lang='lat' dir='ltr'>memoriae</span> <span class='ocrx_word' id='word_1_235' title='bbox 697 3553 891 3618; x_wconf 89' lang='lat' dir='ltr'>serenissimi</span> <span class='ocrx_word' id='word_1_236' title='bbox 913 3552 1074 3636; x_wconf 85' lang='lat' dir='ltr'>principis,</span> <span class='ocrx_word' id='word_1_237' title='bbox 1099 3553 1256 3636; x_wconf 90' lang='lat' dir='ltr'>quondam</span> <span class='ocrx_word' id='word_1_238' title='bbox 1278 3555 1397 3621; x_wconf 89' lang='lat' dir='ltr'>domini</span> <span class='ocrx_word' id='word_1_239' title='bbox 1420 3551 1456 3623; x_wconf 88' lang='lat' dir='ltr'>et</span> 
     </span>
     <span class='ocr_line' id='line_1_31' title="bbox 263 3656 1457 3741; baseline 0.002 -18"><span class='ocrx_word' id='word_1_240' title='bbox 263 3658 414 3740; x_wconf 82' lang='lat' dir='ltr'>genitoris</span> <span class='ocrx_word' id='word_1_241' title='bbox 435 3656 554 3737; x_wconf 85' lang='lat' dir='ltr'>Nostri,</span> <span class='ocrx_word' id='word_1_242' title='bbox 578 3657 697 3722; x_wconf 91' lang='lat' dir='ltr'>domini</span> <span class='ocrx_word' id='word_1_243' title='bbox 719 3656 824 3722; x_wconf 80' lang='lat' dir='ltr'>Caroli</span> <span class='ocrx_word' id='word_1_244' title='bbox 846 3657 1058 3722; x_wconf 86' lang='lat' dir='ltr'>Romanorum</span> <span class='ocrx_word' id='word_1_245' title='bbox 1087 3659 1288 3741; x_wconf 89' lang='lat' dir='ltr'>imperatoris</span> <span class='ocrx_word' id='word_1_246' title='bbox 1318 3663 1351 3724; x_wconf 91' lang='lat' dir='ltr'>et</span> <span class='ocrx_word' id='word_1_247' title='bbox 1371 3659 1457 3726; x_wconf 90' lang='lat' dir='ltr'>Boe·</span> 
     </span>
     <span class='ocr_line' id='line_1_32' title="bbox 262 3761 1459 3847; baseline 0.002 -19"><span class='ocrx_word' id='word_1_248' title='bbox 262 3763 345 3828; x_wconf 89' lang='lat' dir='ltr'>miae</span> <span class='ocrx_word' id='word_1_249' title='bbox 367 3763 461 3844; x_wconf 82' lang='lat' dir='ltr'>regis,</span> <span class='ocrx_word' id='word_1_250' title='bbox 485 3763 600 3845; x_wconf 90' lang='lat' dir='ltr'>quibus</span> <span class='ocrx_word' id='word_1_251' title='bbox 622 3761 781 3844; x_wconf 90' lang='lat' dir='ltr'>Pragense</span> <span class='ocrx_word' id='word_1_252' title='bbox 804 3761 952 3828; x_wconf 85' lang='lat' dir='ltr'>Studium</span> <span class='ocrx_word' id='word_1_253' title='bbox 977 3763 1176 3843; x_wconf 86' lang='lat' dir='ltr'>instauravit,</span> <span class='ocrx_word' id='word_1_254' title='bbox 1206 3782 1289 3829; x_wconf 90' lang='lat' dir='ltr'>nune</span> <span class='ocrx_word' id='word_1_255' title='bbox 1317 3765 1459 3847; x_wconf 90' lang='lat' dir='ltr'>amplius</span> 
     </span>
     <span class='ocr_line' id='line_1_33' title="bbox 261 3865 1457 3953; baseline 0.004 -22"><span class='ocrx_word' id='word_1_256' title='bbox 261 3868 453 3950; x_wconf 90' lang='lat' dir='ltr'>quotidianis</span> <span class='ocrx_word' id='word_1_257' title='bbox 485 3885 634 3949; x_wconf 90' lang='lat' dir='ltr'>urgemur</span> <span class='ocrx_word' id='word_1_258' title='bbox 667 3865 841 3946; x_wconf 86' lang='lat' dir='ltr'>affectibus,</span> <span class='ocrx_word' id='word_1_259' title='bbox 877 3871 912 3931; x_wconf 92' lang='lat' dir='ltr'>ut</span> <span class='ocrx_word' id='word_1_260' title='bbox 944 3867 1014 3950; x_wconf 90' lang='lat' dir='ltr'>ipso</span> <span class='ocrx_word' id='word_1_261' title='bbox 1047 3873 1185 3950; x_wconf 88' lang='lat' dir='ltr'>auctore,</span> <span class='ocrx_word' id='word_1_262' title='bbox 1217 3871 1271 3953; x_wconf 93' lang='lat' dir='ltr'>qui</span> <span class='ocrx_word' id='word_1_263' title='bbox 1301 3887 1457 3953; x_wconf 90' lang='lat' dir='ltr'>prospera</span> 
     </span>
     <span class='ocr_line' id='line_1_34' title="bbox 263 3971 1457 4051; baseline 0.005 -14"><span class='ocrx_word' id='word_1_264' title='bbox 263 3971 351 4037; x_wconf 91' lang='lat' dir='ltr'>dedit</span> <span class='ocrx_word' id='word_1_265' title='bbox 371 3971 471 4051; x_wconf 90' lang='lat' dir='ltr'>initia,</span> <span class='ocrx_word' id='word_1_266' title='bbox 493 3972 579 4036; x_wconf 91' lang='lat' dir='ltr'>idem</span> <span class='ocrx_word' id='word_1_267' title='bbox 600 3971 746 4036; x_wconf 86' lang='lat' dir='ltr'>Studium</span> <span class='ocrx_word' id='word_1_268' title='bbox 768 3971 950 4038; x_wconf 88' lang='lat' dir='ltr'>inchoatum</span> <span class='ocrx_word' id='word_1_269' title='bbox 971 3971 1107 4038; x_wconf 82' lang='lat' dir='ltr'>feliciter</span> <span class='ocrx_word' id='word_1_270' title='bbox 1128 3973 1242 4040; x_wconf 90' lang='lat' dir='ltr'>mediis</span> <span class='ocrx_word' id='word_1_271' title='bbox 1262 3974 1457 4043; x_wconf 90' lang='lat' dir='ltr'>desideratis</span> 
     </span>
    </p>
   </div>
   <div class='ocr_carea' id='block_1_13' title="bbox 262 4073 1455 4473">
    <p class='ocr_par' dir='ltr' id='par_1_15' title="bbox 262 4073 1455 4473">
     <span class='ocr_line' id='line_1_35' title="bbox 262 4073 1455 4162; baseline 0.006 -23"><span class='ocrx_word' id='word_1_272' title='bbox 262 4074 406 4159; x_wconf 87' lang='lat' dir='ltr'>proficiat</span> <span class='ocrx_word' id='word_1_273' title='bbox 446 4081 478 4141; x_wconf 87' lang='lat' dir='ltr'>et</span> <span class='ocrx_word' id='word_1_274' title='bbox 514 4079 649 4159; x_wconf 91' lang='lat' dir='ltr'>speratis</span> <span class='ocrx_word' id='word_1_275' title='bbox 683 4073 797 4142; x_wconf 87' lang='lat' dir='ltr'>finibus</span> <span class='ocrx_word' id='word_1_276' title='bbox 828 4077 1021 4141; x_wconf 88' lang='lat' dir='ltr'>terminetur.</span> <span class='ocrx_word' id='word_1_277' title='bbox 1066 4077 1200 4160; x_wconf 88' lang='lat' dir='ltr'>Propter</span> <span class='ocrx_word' id='word_1_278' title='bbox 1237 4079 1321 4162; x_wconf 89' lang='lat' dir='ltr'>quod</span> <span class='ocrx_word' id='word_1_279' title='bbox 1346 4080 1455 4146; x_wconf 90' lang='lat' dir='ltr'>auimo</span> 
     </span>
     <span class='ocr_line' id='line_1_36' title="bbox 262 4180 1454 4265; baseline 0.005 -21"><span class='ocrx_word' id='word_1_280' title='bbox 262 4180 445 4261; x_wconf 88' lang='lat' dir='ltr'>deliberato,</span> <span class='ocrx_word' id='word_1_281' title='bbox 468 4198 544 4246; x_wconf 91' lang='lat' dir='ltr'>sano</span> <span class='ocrx_word' id='word_1_282' title='bbox 567 4181 753 4263; x_wconf 91' lang='lat' dir='ltr'>principum,</span> <span class='ocrx_word' id='word_1_283' title='bbox 775 4180 929 4246; x_wconf 89' lang='lat' dir='ltr'>baronum</span> <span class='ocrx_word' id='word_1_284' title='bbox 952 4200 989 4246; x_wconf 91' lang='lat' dir='ltr'>ac</span> <span class='ocrx_word' id='word_1_285' title='bbox 1017 4199 1182 4264; x_wconf 89' lang='lat' dir='ltr'>procerum</span> <span class='ocrx_word' id='word_1_286' title='bbox 1211 4182 1314 4265; x_wconf 84' lang='lat' dir='ltr'>Regni</span> <span class='ocrx_word' id='word_1_287' title='bbox 1342 4182 1454 4250; x_wconf 90' lang='lat' dir='ltr'>Nostri</span> 
     </span>
     <span class='ocr_line' id='line_1_37' title="bbox 262 4284 1451 4368; baseline 0.003 -18"><span class='ocrx_word' id='word_1_288' title='bbox 262 4285 432 4350; x_wconf 87' lang='lat' dir='ltr'>accedente</span> <span class='ocrx_word' id='word_1_289' title='bbox 455 4284 595 4364; x_wconf 89' lang='lat' dir='ltr'>consilio,</span> <span class='ocrx_word' id='word_1_290' title='bbox 618 4303 681 4349; x_wconf 95' lang='lat' dir='ltr'>non</span> <span class='ocrx_word' id='word_1_291' title='bbox 703 4303 762 4367; x_wconf 83' lang='lat' dir='ltr'>per·</span> <span class='ocrx_word' id='word_1_292' title='bbox 783 4302 920 4350; x_wconf 89' lang='lat' dir='ltr'>errorem</span> <span class='ocrx_word' id='word_1_293' title='bbox 944 4289 999 4351; x_wconf 89' lang='lat' dir='ltr'>aut</span> <span class='ocrx_word' id='word_1_294' title='bbox 1020 4286 1204 4368; x_wconf 81' lang='lat' dir='ltr'>improvide,</span> <span class='ocrx_word' id='word_1_295' title='bbox 1229 4287 1285 4352; x_wconf 88' lang='lat' dir='ltr'>sed</span> <span class='ocrx_word' id='word_1_296' title='bbox 1307 4287 1451 4354; x_wconf 90' lang='lat' dir='ltr'>decerta</span> 
     </span>
     <span class='ocr_line' id='line_1_38' title="bbox 262 4388 1453 4473; baseline 0.004 -19"><span class='ocrx_word' id='word_1_297' title='bbox 262 4389 379 4454; x_wconf 87' lang='lat' dir='ltr'>Nostra</span> <span class='ocrx_word' id='word_1_298' title='bbox 401 4388 542 4468; x_wconf 90' lang='lat' dir='ltr'>scientia,</span> <span class='ocrx_word' id='word_1_299' title='bbox 565 4388 701 4454; x_wconf 90' lang='lat' dir='ltr'>Nostrae</span> <span class='ocrx_word' id='word_1_300' title='bbox 723 4388 932 4456; x_wconf 82' lang='lat' dir='ltr'>Universitati</span> <span class='ocrx_word' id='word_1_301' title='bbox 954 4389 1115 4472; x_wconf 89' lang='lat' dir='ltr'>Pragensi,</span> <span class='ocrx_word' id='word_1_302' title='bbox 1142 4390 1312 4473; x_wconf 81' lang='lat' dir='ltr'>magistris,</span> <span class='ocrx_word' id='word_1_303' title='bbox 1343 4392 1453 4459; x_wconf 90' lang='lat' dir='ltr'>docto·</span> 
     </span>
    </p>
   </div>
   <div class='ocr_carea' id='block_1_14' title="bbox 0 0 1618 5017">
    <p class='ocr_par' dir='ltr' id='par_1_16' title="bbox 0 0 1618 5017">
     <span class='ocr_line' id='line_1_39' title="bbox 0 0 1618 5017; baseline 0 3"><span class='ocrx_word' id='word_1_304' title='bbox 0 0 1618 5017; x_wconf 95' lang='lat' dir='ltr'> </span> 
     </span>
    </p>
   </div>
  </div>
 </body>
</html>
