3225 5017
488 348 553 419 (lap.
571 346 632 403 XII.
656 349 763 405 Stratoe
782 356 809 405 et
827 327 1024 406 commercium.
1226 381 1228 387 ·
1305 357 1355 434 351

155 544 370 611 incumbentia
393 541 532 624 Civitati,
555 562 594 609 ex
615 560 698 625 nunc
719 544 849 609 inantea
869 562 932 608 non
954 548 990 608 ut
1019 544 1116 625 cirea,
1148 545 1206 609 sed
1235 550 1272 611 ut
1300 546 1356 611 ho-

158 651 258 734 spites
281 654 314 715 et
335 649 476 715 advenae
496 653 684 731 reputentur
706 652 739 713 et
757 649 831 731 jure
853 648 1056 731 advenarum,
1090 668 1152 715 non
1181 653 1289 717 autem
1309 652 1357 716 in-

159 756 300 821 colarum
323 760 355 819 et
379 754 495 819 civium
516 754 719 837 perfruantur
741 804 748 818 .
774 803 781 819 .
803 803 814 820 ,.

261 860 363 927 (rerer,
382 858 453 911 nae
470 858 516 911 IV.
536 858 602 925 sepe.
621 858 746 911 nxnrv.
765 858 824 913 ιιι.
842 865 931 911 verae.
947 859 1019 923 pre.
1037 840 1193 926 ᾱιιιιιιιιι
1210 858 1232 911 ι.
1250 858 1304 924 52.)

266 1015 359 1081 1354.
385 1017 435 1081 li.
459 1013 612 1081 Januarii.
637 1014 773 1081 Karolus
793 1034 841 1081 oc.
868 1014 1035 1080 Universis
1050 1018 1233 1097 praesentes
1247 1013 1357 1081 literas
1450 1000 1451 1005 ¹

160 1121 350 1205 inspecturis
372 1121 485 1187 harum
508 1120 591 1185 serie
612 1116 753 1202 patefiat,
778 1120 863 1203 quod
885 1138 942 1203 pro
964 1122 1055 1202 parte
1078 1120 1267 1187 dilectorum
1280 1118 1359 1185 iide-

161 1228 240 1293 lium
262 1226 453 1293 Nostrorum
476 1226 592 1291 civium
613 1223 746 1291 Maioris
762 1223 1095 1320 CivitatisPragensis
1110 1225 1231 1307 liquide
1249 1245 1358 1291 sumus

162 1331 334 1413 informati,
359 1330 444 1412 quod
466 1348 523 1414 per
546 1331 711 1415 continuos
735 1332 915 1394 contractus
938 1327 1106 1412 emptionis
1122 1333 1155 1394 et
1169 1330 1360 1396 venditionis

166 1437 207 1502 de
229 1435 377 1502 omnibus
400 1434 495 1500 rebus
518 1438 551 1500 et
572 1434 739 1515 mercibus,
764 1451 843 1516 quas
865 1432 1007 1516 hospites
1031 1437 1064 1499 et
1085 1435 1227 1500 extranei
1241 1453 1360 1501 merca-

161 1546 248 1608 tores
280 1542 313 1607 in
345 1540 475 1607 civitate
504 1538 656 1621 Pragensi
686 1539 770 1603 inter
799 1556 834 1603 se
864 1540 974 1603 mutuo
996 1536 1117 1604 faciunt
1146 1544 1179 1607 et
1201 1545 1358 1622 exercent,

164 1646 250 1712 cives
273 1649 305 1711 et
327 1646 449 1711 incolae
472 1643 577 1709 dictae
600 1643 737 1709 civitatis
759 1642 928 1725 Pragensis
951 1660 1014 1708 non
1036 1643 1161 1709 modica
1191 1644 1359 1727 dispendia

163 1750 333 1835 patiantur,
357 1754 389 1815 et
412 1749 496 1833 quod
519 1748 701 1814 huiusmodi
725 1752 906 1813 contractus
928 1749 962 1813 in
983 1748 1123 1813 notabile
1149 1748 1251 1831 ipsius
1283 1748 1360 1814 civi-

162 1855 239 1921 tatis
261 1859 393 1936 vergant
415 1854 648 1935 detrimentum,
673 1871 712 1918 ex
736 1871 773 1918 eo
798 1853 884 1935 quod
908 1852 1051 1917 extranei
1072 1857 1275 1934 mercatores,
1307 1854 1361 1936 qui

164 1959 253 2025 nulla
274 1958 374 2025 Nobis
399 1962 432 2025 et
462 1976 607 2023 camerae
628 1957 749 2039 Regiae
772 1956 914 2024 subsidia
937 1956 1110 2037 conferunt
1140 1956 1246 2022 omnia
1273 1957 1362 2023 lucra

165 2064 344 2147 percipiunt
366 2068 399 2128 et
420 2065 600 2146 reportant3
623 2060 785 2145 Nobisque
806 2062 971 2127 humiliter
992 2062 1206 2145 supplicatum
1229 2062 1360 2144 exstitit,

166 2172 202 2233 ut
232 2186 327 2250 super
355 2168 415 2233 hoc
446 2168 486 2233 de
509 2171 685 2250 opportuno
716 2166 856 2233 remedio
886 2167 975 2248 regia
1004 2166 1183 2233 sublimitas
1214 2166 1361 2249 dignetur

167 2273 336 2338 salubriter
363 2272 538 2355 providere.
1069 2267 1071 2274 ’

269 2402 335 2467 Nos
358 2402 466 2485 itaque
489 2404 652 2486 cupientes
674 2401 858 2485 praedictae
882 2400 1033 2467 Civitatis
1055 2401 1225 2484 Pragensis
1256 2401 1362 2467 condi-

166 2508 284 2573 tionem
306 2526 430 2591 semper
451 2505 520 2574 fieri
542 2508 714 2588 meliorem,
738 2511 838 2589 utque
853 2506 912 2571 sub
928 2505 1091 2587 regiminis
1105 2504 1214 2572 Nostri
1235 2505 1361 2571 umbra-

168 2613 237 2678 culo
272 2613 427 2677 continuis
459 2610 612 2695 proficere
644 2613 772 2679 valeant
808 2612 1019 2691 incrementis,
1058 2610 1181 2676 civibus
1218 2611 1361 2676 eiusdem

169 2717 306 2783 civitatis
330 2717 540 2797 concedimus,
571 2716 713 2783 favemus
745 2734 782 2781 ac
811 2715 1022 2797 indulgemus,
1053 2720 1090 2781 ut
1122 2715 1185 2798 ipsi
1214 2716 1248 2781 in
1278 2716 1364 2782 diota

169 2822 298 2888 civitate
330 2821 472 2904 ipsorum
506 2839 563 2904 pro
586 2820 726 2885 utilitate
748 2823 781 2884 et
810 2818 952 2902 profectu
983 2818 1126 2884 eiusdem
1154 2825 1295 2886 statuere
1325 2839 1364 2886 ae

169 2926 314 2991 ordinare
335 2924 423 2989 licite
444 2925 580 3005 valeant,
604 2928 640 2988 ut
662 2942 701 2989 ex
723 2941 805 2988 nunc
831 2924 864 2987 in
894 2927 988 2989 antea
1016 2924 1121 2989 nuNus
1152 2929 1363 2991 mercatorum

170 3033 399 3110 extraneorum,
425 3030 479 3111 qui
501 3046 563 3093 non
586 3027 726 3110 gaudent
747 3028 817 3092 iure
833 3027 918 3093 civili
934 3027 1072 3093 civitatis
1086 3028 1265 3111 Pragensis,
1288 3030 1361 3096 aliis

169 3134 396 3199 mercatoribus
434 3151 490 3199 seu
527 3132 706 3198 hominibus
746 3132 903 3198 extraneis
941 3131 1181 3216 quibuscunque
1216 3152 1268 3199 res
1305 3153 1363 3200 seu

170 3256 290 3305 merces
313 3257 386 3303 sues
408 3237 554 3320 vendere,
578 3238 628 3304 vel
650 3238 712 3321 ipsi
735 3241 934 3303 mercatores
956 3237 1060 3302 nullos
1083 3242 1263 3304 contractus
1279 3258 1365 3322 emp-

170 3342 266 3409 tionis
287 3343 338 3408 vel
360 3343 550 3408 venditionis
572 3343 606 3408 in
628 3342 882 3408 dicta'Civitate
903 3341 1055 3423 Pragensi
1080 3343 1164 3407 inter
1193 3361 1228 3408 se
1256 3348 1366 3408 mutuo

169 3446 275 3512 facere
295 3447 347 3513 vel
369 3466 516 3513 exercere
543 3447 678 3516 debeant
708 3447 895 3530 aliqualiter
916 3446 967 3510 vel
988 3451 1201 3529 praesumant.
1247 3448 1290 3512 Et
1312 3448 1367 3530 qui

172 3550 411 3617 contrafecerit
432 3570 566 3635 poenam
587 3552 736 3631 incurrat,
760 3570 854 3633 quam
876 3550 938 3632 ipsi
954 3550 1040 3615 cives
1054 3549 1164 3615 Nostri
1187 3551 1364 3633 Pragenses

173 3655 276 3722 edicto
298 3655 425 3737 publico
448 3656 596 3721 duxerint
617 3654 829 3737 infligendam.

276 3784 432 3851 Faventes
468 3786 564 3852 etiam
601 3785 722 3851 eisdem
759 3784 880 3851 civibus
913 3782 1137 3866 Pragensibus,
1162 3786 1211 3880 'ut
1242 3784 1275 3847 in
1297 3784 1368 3849 aliis

176 3891 371 3974 quibuslibet
390 3891 525 3973 negotiis
549 3890 814 3971 commoditatem,
830 3889 1006 3973 profectum
1021 3907 1059 3954 ac
1075 3906 1241 3953 commune
1251 3887 1368 3954 bonum

174 3997 275 4080 ipsius
299 3995 436 4061 civitatis
460 3994 719 4061 concernentibus
753 3994 1002 4073 constitutiones
1034 3995 1153 4058 statuta
1183 3996 1216 4057 et
1244 3991 1368 4057 ordina-

176 4101 279 4165 tiones
294 4100 399 4167 iacere
416 4100 552 4181 valeant,
568 4104 664 4183 prout
679 4100 726 4165 eis
741 4099 902 4165 videbitur
914 4098 1028 4163 melius
1044 4097 1209 4181 expedire3
1225 4096 1370 4163 volumus

176 4208 282 4267 tamen
305 4204 390 4286 quod
411 4204 596 4287 praedictae
618 4202 756 4269 Nostrae
777 4202 900 4284 gratiae
922 4205 955 4267 ei
978 4202 1195 4267 eoncessiones
1210 4220 1248 4267 ac
1266 4203 1371 4267 omnia

175 4309 295 4372 statuta
315 4327 373 4390 per
393 4309 480 4391 ipsos
504 4308 598 4373 cives
622 4306 797 4390 Ptagenses
820 4306 974 4387 facienda,
1001 4310 1038 4371 ut
1059 4306 1281 4388 praemittitur,
1312 4306 1370 4370 du-

175 4429 246 4475 rare
276 4416 308 4477 et
329 4412 451 4479 roboris
479 4410 662 4479 firmitatem
690 4412 810 4479 habere
841 4410 986 4493 debeant,
1017 4410 1171 4478 duntaxat
1198 4429 1300 4492 usque
1329 4411 1371 4478 ad
