3225 5017
566 325 667 375 164
1389 317 1520 388 Gap.
1554 316 1651 373 VI.
1683 317 1795 375 Res
1835 319 2153 374 monetaria.

777 512 877 579 17.
925 509 1470 577 W'enceslaus
1515 530 1629 576 rex
1671 548 1758 559 —-
1802 506 1972 594 q'uod
2021 531 2136 578 nos
2182 514 2507 597 capellano
2549 519 2761 582 nostro
2807 535 2953 600 pro-

567 621 862 700 vidimus,
906 620 980 682 ut
1018 615 1102 682 ad
1129 619 1417 699 tempora
1459 615 1632 682 vitae
1691 635 1845 682 suae
1890 615 1971 682 de
2012 637 2190 683 mon
2209 623 2360 700 eta,
2408 640 2571 703 quae
2613 621 2956 687 fabricatur

571 731 636 792 et
690 723 988 792 fabricari
1048 721 1384 804 contigerit
1437 722 1505 788 in
1565 721 1824 787 civitate
1881 741 1924 786 n
1947 728 2178 788 ostra
2233 724 2467 806 Brux,
2528 726 2609 791 de
2670 726 2958 808 portione

568 850 683 897 nos
704 831 791 901 ‚in
837 828 1061 895 eadem
1121 831 1374 893 moneta
1420 828 1839 910 contingente,
1891 827 1971 893 15
2019 827 2255 894 solidos
2298 830 2526 896 breves
2570 830 2833 910 dentur3
2897 834 2962 896 et

551 922 710 1001 'dari
755 952 862 999 eos
907 933 1199 999 volumus
1245 931 1453 997 eidem
1498 952 1620 1015 per
1658 932 1995 1016 magistros
2028 934 2311 1018 ejusdem
2340 939 2632 1002 monetae
2667 935 2770 1001 vel
2814 952 2960 1019 pro-

572 1042 893 1105 curatores
959 1039 1230 1118 nostros,
1300 1037 1356 1101 si
1424 1055 1566 1102 eam
1624 1038 2014 1104 tenuerimus
2074 1043 2323 1105 nosmet
2364 1040 2511 1123 ipsi,
2580 1041 2964 1124 quicumque

569 1146 807 1212 ibidem
852 1160 965 1225 pro
1008 1146 1295 1225 tempore
1338 1140 1591 1223 fuerint,
1640 1142 1926 1225 qualibet
1969 1144 2340 1226 septimana,
2383 1145 2478 1211 ita
2520 1144 2691 1228 quod
2732 1145 2813 1210 39
2858 1148 2960 1210 ta-

570 1251 742 1316 lenta
786 1246 1188 1326 denariorum
1225 1246 1395 1313 dicto
1428 1298 1441 1312 .
1491 1297 1506 1312 .
1558 1299 1572 1313 .
1624 1266 1812 1331 quam
1852 1248 1961 1313 diu
2005 1248 2254 1330 vixerit,
2303 1250 2531 1316 cedant
2572 1250 2969 1332 integraliter

575 1354 913 1421 annuatim.
961 1351 1049 1417 Et
1091 1351 1147 1416 si
1191 1351 1354 1417 forte
1398 1352 1636 1419 ferrum
1680 1357 1989 1434 monetae,
2038 1352 2207 1436 quod
2251 1373 2416 1420 nunc
2456 1358 2554 1421 est
2597 1355 2662 1420 in
2708 1355 2968 1420 civitate

575 1459 880 1555 praefata,
940 1457 1269 1524 transferri
1315 1457 1708 1540 contingeret
1752 1457 1834 1523 ad
1878 1457 2073 1524 alium
2117 1458 2343 1539 locum,
2405 1459 2809 1526 nihilominus
2855 1477 2967 1527 vo-

471 1606 473 1612 «
575 1566 806 1644 lumus,
853 1567 926 1627 ut
970 1561 1051 1627 de
1093 1563 1364 1641 moneta,
1413 1580 1578 1645 quae
1606 1561 2019 1629 fabricabitur
2047 1562 2302 1644 ibidem,
2348 1564 2518 1629 dicto
2550 1615 2564 1630 .
2614 1615 2629 1631 .
2676 1616 2690 1630 .
2737 1565 2969 1631 dentur

576 1670 618 1736 ὃ
689 1668 874 1735 solidi
947 1666 1230 1751 qualibet
1274 1665 1647 1749 septimana,
1696 1669 1759 1731 et
1812 1667 1981 1749 quod
2042 1667 2133 1732 sic
2185 1668 2269 1732 39
2328 1669 2569 1735 talenta
2625 1670 2747 1736 sibi
2805 1689 2968 1735 anno

578 1774 863 1859 quolibet
906 1773 1352 1855 compleantur.
1445 1772 1659 1851 Quare
1719 1771 2033 1838 universis
2091 1773 2411 1855 magistris
2475 1778 2785 1855 monetae,
2858 1774 2969 1857 qui

579 1901 618 1946 a
646 1878 829 1944 nobis
857 1875 1030 1943 idem
1058 1877 1298 1943 ferrum
1344 1877 1776 1958 conduxerint,
1823 1878 1924 1943 vel
1956 1878 2486 1960 procuratoribus,
2533 1897 2689 1962 quos
2726 1879 2969 1945 ibidem

579 1982 1061 2064 instituerimuS,
1110 1980 1333 2048 damus
1377 1982 1445 2046 in
1488 1982 1825 2063 mandatis,
1888 1986 2201 2065 quatenus
2249 1983 2417 2048 dicto
2463 1982 2843 2068 (capellano)
2892 1984 2972 2047 de

581 2075 870 2174 portione
911 2105 1028 2153 nos
1071 2087 1138 2152 in
1168 2086 1339 2152 dicta
1367 2090 1623 2152 moneta
1652 2088 2051 2168 contingente
2081 2089 2444 2170 persolvant
2473 2089 2720 2153 omnino
2756 2089 2834 2154 15
2872 2106 2972 2153 so-

580 2195 745 2261 lidos
788 2194 1015 2260 breves
1061 2192 1346 2275 qualibet
1390 2192 1777 2274 septimana3
1822 2188 2043 2276 itaque
2087 2192 2170 2257 39
2201 2193 2440 2260 talenta
2479 2193 2802 2259 solvantur
2849 2192 2973 2258 sibi

584 2299 794 2386 quoad
837 2297 1087 2378 vixerit,
1132 2297 1472 2363 annuatim.

795 2400 1090 2472 (Stmmborq
1125 2401 1200 2456 ΙΙ.
1237 2404 1356 2466 238,
1403 2401 1564 2471 Voiqt,
1601 2401 1780 2454 Εηιιον
1814 2402 1991 2469 2324.)

801 2527 901 2592 18.
949 2523 1495 2592 Wenceslaus
1538 2542 1654 2589 rex
1691 2522 2036 2605 „ecclesiae
2066 2520 2124 2588 S.
2158 2520 2516 2589 Wenceslai
2538 2522 2604 2587 in
2633 2521 2831 2588 Grecz
2865 2541 2974 2587 no-

586 2633 814 2699 tariam
856 2633 1149 2697 monetae
1192 2630 1257 2695 in
1303 2628 1596 2713 Oppavia
1643 2632 1708 2694 et
1751 2628 2062 2695 decimam
2106 2627 2390 2693 decimae
2433 2627 2705 2693 Nostrae
2746 2644 2974 2709 prove-

586 2737 820 2803 nientis
861 2734 1063 2801 Nobis
1108 2735 1188 2800 de
1233 2733 1606 2799 aurifodinis
1649 2733 1716 2798 in
1761 2732 2292 2814 Werningesrode
2347 2732 2602 2798 confert.
2694 2732 2977 2811 Quilibet

587 2842 789 2924 ipsius
836 2839 1144 2907 ecclesiae
1200 2839 1508 2920 plebanus
1559 2837 1872 2902 notariam
1930 2840 2219 2903 monetae
2276 2838 2343 2903 in
2388 2836 2682 2920 Oppavia
2740 2836 2978 2902 habeat

591 2950 657 3012 et
696 2944 1041 3030 possideat,
1089 2943 1399 3009 decimam
1444 2930 1731 3009 decimae
1761 2941 2033 3009 Nostrae
2078 2942 2159 3008 de
2203 2941 2575 3009 aurifodinis
2606 2941 2671 3006 in
2699 2938 2798 3004 W.
2830 2957 2977 3024 pro-

590 3049 904 3116 venientis
948 3049 1162 3132 exigat
1205 3052 1270 3114 et
1309 3045 1593 3130 recipiat.
1607 3048 1635 3078 “

802 3154 1001 3220 (Emzer
1036 3153 1110 3204 Π.
1152 3153 1307 3216 2544,
1343 3151 1523 3217 2457.)

803 3294 901 3358 19.
949 3291 1261 3358 Urboram
1304 3289 1602 3357 Nostram
1649 3293 1715 3357 et
1754 3291 2016 3376 insuper
2058 3291 2369 3359 montanis
2400 3290 2618 3357 Nostri
2656 3290 2796 3357 auri
2824 3290 2975 3355 Ilaw

594 3419 670 3466 ac
727 3398 870 3464 aliis
930 3396 1219 3462 omnibus
1263 3395 1636 3462 aurifodinis
1696 3397 1873 3479 regni
1935 3397 2235 3464 Boemiae
2293 3401 2424 3462 tam
2466 3396 2739 3461 inventis
2789 3415 2976 3479 quam

594 3502 1009 3583 inveniendis,
1068 3520 1194 3567 una
1238 3519 1382 3566 cum
1431 3505 1684 3567 moneta
1744 3502 2014 3567 cudendi
2070 3520 2359 3567 nummos
2421 3519 2646 3566 aureos
2682 3500 2825 3573 ,sub
2872 3500 2978 3563 illa

595 3608 798 3675 forma
849 3609 916 3673 et
963 3605 1170 3687 modo,
1222 3605 1452 3687 quibus
1495 3606 1656 3670 tales
1708 3605 1776 3670 in
1819 3623 2011 3688 regno
2056 3605 2355 3672 Boemiae
2406 3610 2593 3672 antea
2616 3591 2621 3600 ⁸
2643 3602 2782 3670 fieri
2834 3622 2977 3668 con-

601 3713 810 3781 suevit
853 3716 968 3777 etc.

803 3817 1077 3882 (libr-mula
1111 3831 1139 3868 e
1175 3812 1297 3866 cod.
1339 3813 1551 3866 Trebon.
1592 3812 1645 3868 Ο.
1682 3817 1742 3866 3:
1780 3815 1951 3866 Fbrm.
1987 3814 2061 3867 Π.
2098 3814 2206 3882 10.)

807 3972 908 4038 20.
953 3971 1086 4038 Nos
1145 3970 1556 4037 Wenceslaus
1616 3990 1724 4038 rex
1787 3971 1858 4037 B.
1922 3976 1987 4037 et
2029 3971 2309 4038 marchio
2361 3971 2430 4038 M
2466 4021 2478 4036 .
2530 4023 2543 4036 .
2594 4023 2607 4038 .
2656 3971 2823 4056 quod
2876 3970 2906 4036 f
2914 3991 2976 4035 a·

601 4081 910 4148 bricam
952 4080 1334 4143 monetae
1375 4076 1442 4141 in
1488 4075 1777 4142 Clatovia
1827 4075 1948 4141 H.
1998 4127 2013 4142 .
2061 4127 2077 4142 .
2128 4074 2209 4141 de
2254 4126 2268 4141 .
2319 4127 2333 4141 .
2384 4127 2397 4141 .
2447 4080 2513 4141 et
2551 4077 2753 4157 illi,«si
2797 4094 2975 4158 quem

604 4187 684 4253 ad
714 4186 834 4249 hoc
874 4184 994 4249 sibi
1038 4184 1210 4249 idem
1254 4182 1314 4248 H
1349 4233 1362 4248 .
1411 4233 1427 4249 .
1476 4230 1490 4246 .
1540 4179 1780 4246 socium
1825 4179 2168 4262 adhibebit,
2215 4200 2291 4246 ac
2318 4180 2660 4247 heredibus
2703 4181 2975 4262 ipsorum

604 4290 896 4355 duximus
942 4287 1323 4353 hereditarie
1382 4284 1864 4365 concedendam,
1925 4286 2229 4367 volentes,
2284 4285 2453 4368 quod
2510 4285 2566 4351 si
2625 4284 2856 4350 ferrum
2901 4283 2974 4347 de

607 4394 776 4459 dicto
817 4393 955 4458 loco
999 4391 1286 4475 magistri
1328 4391 1637 4469 monetae,
1683 4389 1789 4470 qui
1821 4406 1934 4470 pro
1966 4392 2251 4471 tempore
2280 4387 2533 4470 fuerint,
2580 4391 2836 4471 propter
2864 4386 2973 4452 ali-
