3225 5017
760 1314 977 1402 capitulum
998 1313 1066 1386 IX.

701 1557 1099 1658 Universitas.

472 1891 693 1960 Generalis
716 1891 857 1960 studii
878 1893 1037 1978 Pragae
1057 1896 1325 1965 instauratio.

701 1997 929 2067 Amotationes
951 2000 1117 2084 praeciae.⁴

408 2140 505 2206 Porro
537 2137 666 2206 inclitus
700 2138 846 2206 dominus
878 2139 1028 2222 Karalus,
1060 2155 1117 2208 rex
1151 2141 1341 2209 Boemorum
1373 2161 1413 2209 ac
1435 2143 1496 2209 Rc-

304 2265 478 2326 manomm,
511 2244 681 2312 advertens
713 2244 883 2310 maximam
914 2245 1086 2314 utilitatem
1123 2246 1220 2312 studii
1253 2246 1432 2330 sapientiae
1466 2252 1496 2313 et

304 2351 441 2432 virtutis,
464 2349 620 2440 Generale
641 2349 788 2417 Studium
809 2350 979 2433 Pragensis
1001 2351 1141 2419 ciuitatis
1163 2352 1230 2417 suis
1259 2351 1374 2418 litteris
1406 2371 1496 2434 rega-

305 2457 390 2524 Hbus
411 2475 508 2522 amec
527 2456 615 2523 bulla
635 2455 792 2522 roboratis
814 2455 1044 2537 gratiosissime
1066 2453 1270 2523 confirmavit
1295 2455 1436 2539 Cupiens
1455 2494 1497 2504 -
1574 2470 1575 2483 ³

306 2566 343 2627 ut
371 2559 548 2644 praelatum
578 2559 718 2625 studium
747 2559 895 2641 generale
927 2560 1044 2627 bonum
1073 2563 1106 2625 et
1126 2559 1253 2626 felicem
1281 2557 1375 2625 finem
1405 2562 1497 2627 sorti-

307 2671 404 2747 retur‚
437 2665 563 2732 uocauit
595 2668 629 2732 et
659 2662 775 2732 litteris
810 2665 877 2732 suis
898 2664 1047 2731 accersiri
1065 2663 1164 2749 jussit
1192 2663 1233 2730 de
1254 2665 1353 2731 uariis
1380 2665 1497 2731 studiis

307 2771 441 2858 aliarum
462 2774 619 2836 terrarum
640 2769 809 2852 magistros
831 2774 864 2835 et
885 2769 1040 2849 doctores,
1064 2767 1179 2851 quibus
1201 2769 1499 2852 legaliterprovidit
1574 2792 1576 2855 l

308 2879 341 2941 et
362 2874 509 2956 gratiose,
533 2878 570 2939 ut
590 2892 647 2956 pro
670 2873 737 2940 suis
759 2873 920 2940 laboribus
940 2872 1094 2940 haberent
1124 2873 1210 2939 vitas
1238 2874 1416 2956 praesentis
1445 2891 1498 2940 ne

309 2979 492 3045 cessitatem
514 2996 552 3044 ac
574 2978 679 3061 largas
700 2978 906 3061 provisiones.
1575 2972 1576 2995 ³

410 3117 553 3182 Fuerunt
573 3119 680 3182 autem
701 3114 841 3199 quinque
861 3113 1006 3198 magistri
1034 3113 1223 3198 theologiae,
1254 3133 1388 3199 quorum
1417 3137 1499 3185 unus
1573 3178 1576 3207 ‹,

307 3223 386 3306 legit
406 3221 439 3288 in
461 3220 597 3288 ecclesia
617 3220 769 3302 Pragensi
784 3224 817 3285 et
830 3219 1027 3303 praedicarit
1047 3220 1114 3304 (cui
1135 3220 1326 3289 venerabilis
1347 3225 1442 3305 pater
1463 3242 1499 3288 ac

308 3326 463 3407 dominus,
486 3323 694 3406 hhmestus,
716 3325 837 3408 primus
860 3324 1117 3408 archiepiscopus
1131 3324 1309 3408 Progensis
1324 3325 1498 3392 honorifice
1574 3350 1576 3411 p

308 3430 447 3514 providit
468 3433 502 3495 et
522 3429 680 3512 copiose);
703 3428 759 3494 alii
780 3445 856 3494 vero
876 3428 1021 3512 magistri
1039 3429 1074 3496 in
1087 3428 1288 3497 monasteriis
1311 3430 1362 3498 sui
1377 3430 1498 3496 ordinis
1575 3434 1576 3519 J

309 3553 432 3602 sacram
452 3533 646 3618 theologiam
666 3533 818 3618 legerunt
856 3531 917 3598 Jus
938 3537 1047 3600 autom
1069 3534 1253 3599 canonicum
1281 3533 1361 3618 legit
1389 3534 1501 3600 doctor
1574 3612 1576 3631 A

308 3638 507 3706 decretorum
529 3638 569 3705 de
592 3637 734 3704 Bononia
755 3642 897 3720 vocatus,
924 3641 957 3704 et
977 3637 1064 3704 idem
1084 3639 1135 3704 ius
1158 3638 1343 3705 canonicum
1364 3639 1446 3722 legit
1467 3639 1500 3704 in

309 3743 445 3812 ecclesia
466 3742 618 3828 Pragensi
640 3743 792 3826 magister
806 3741 993 3826 Stephanus,
1016 3741 1151 3827 praelati
1167 3743 1247 3810 dom
1265 3742 1498 3827 archiepiscopi

310 3849 524 3916 cancellarius.
556 3847 712 3930 Magister
732 3865 806 3915 vero
829 3847 999 3914 Balthasar
1020 3847 1060 3914 de
1082 3846 1179 3913 Tusia
1200 3846 1279 3930 legit
1299 3848 1398 3915 libros
1417 3848 1498 3914 artis

310 3953 502 4036 medicinae;
538 3954 594 4020 alii
630 3971 706 4020 vero
742 3952 888 4035 magistri
923 3952 957 4018 in
994 3952 1089 4019 scolis
1125 3952 1191 4018 suis
1233 3956 1318 4020 artes
1353 3952 1499 4034 legerunt

311 4058 468 4127 liberales.

417 4178 564 4245 Ceterum
585 4197 673 4247 more
695 4179 891 4262 generalium
908 4179 1088 4246 studiorum
1110 4178 1243 4261 singulis
1265 4177 1355 4244 annis
1381 4179 1500 4242 electus

311 4282 373 4350 fuit
392 4287 497 4348 rector
518 4283 734 4350 univcrsitatis
757 4287 790 4348 et
812 4284 1015 4366 solempniter
1043 4283 1076 4348 in
1099 4283 1234 4348 ecclesia
1262 4281 1414 4364 Progensi
1445 4299 1499 4363 ap-

312 4387 471 4471 probatus.
