3225 5017
508 350 572 420 Cap.
591 349 651 404 XII.
676 350 783 403 Stratae
801 355 830 403 et
847 349 1043 404 commercium.
1320 353 1370 401 345

177 543 258 608 solvi
280 561 362 608 unus
375 541 443 607 loth
459 544 526 608 sive
541 543 602 608 tria
618 543 766 626 pondera.
788 543 871 608 Item
896 544 935 608 de
962 543 1103 625 quolibet
1118 560 1220 622 curru,
1244 543 1370 608 miras

178 647 273 727 dicto,
308 647 448 713 medium
481 648 634 713 tributum
669 666 726 714 scu
759 648 884 713 medius
913 647 990 713 loth.
1035 647 1078 711 Et
1107 647 1221 711 abhinc
1249 647 1282 710 in
1307 646 1329 711 J
1337 666 1370 710 a·

180 753 358 818 bluncza
389 753 472 818 circa
501 757 640 818 castrum
670 751 912 836 Kurlatk01)
943 753 1038 820 debet
1067 751 1147 816 solvi
1177 751 1369 818 solummodo

179 857 333 924 tributum
355 858 470 940 pontis,
493 859 602 941 itaque
618 858 658 924 de
673 859 815 942 quolibet
829 876 910 942 equo
924 858 976 924 vel
989 858 1071 923 boue
1084 856 1230 923 trahente
1246 876 1370 922 currum

176 980 257 1028 unus
276 962 425 1027 denarius
440 962 617 1029 Vieneusis.
641 964 722 1028 Item
738 964 779 1031 de
794 963 961 1047 pecoribus
976 961 1151 1027 venditioni
1166 961 1369 1044 exponendis,

177 1066 299 1132 scilicet
343 1067 515 1134 maioribus
548 1069 680 1149 duobus,
716 1069 862 1135 similiter
897 1085 978 1132 unus
1016 1067 1164 1132 denarius
1193 1066 1369 1134 Vieuensis.

174 1169 256 1247 Item
278 1170 317 1235 de
340 1176 476 1253 quatuor
497 1173 604 1256 parvis
628 1173 826 1254 animalibus,
850 1167 973 1253 avibus,
998 1172 1102 1257 capris
1133 1174 1166 1237 01
1194 1173 1298 1254 porcis
1328 1173 1370 1239 si-

178 1275 296 1342 militer
318 1295 399 1342 unus
423 1277 571 1346 denarius
593 1276 793 1358 Viennensis,
826 1282 859 1342 et
880 1296 943 1342 non
971 1279 1052 1361 plus.
1086 1276 1168 1343 Item
1197 1277 1312 1344 abinde
1336 1277 1370 1340 in

174 1380 244 1446 loco
276 1379 471 1446 Wiksaad
501 1383 569 1447 sive
598 1383 631 1446 in
664 1383 741 1448 villa
768 1380 933 1464 Beiunb
968 1382 1062 1448 debet
1091 1381 1170 1447 solvi
1205 1381 1368 1461 tributum,

175 1484 259 1548 sicut
290 1485 323 1549 in
356 1483 541 1550 Saaswar
578 1490 611 1550 et
646 1483 828 1566 Stinche,
863 1486 903 1551 de
943 1487 1086 1552 cunibus
1124 1481 1368 1553 mercionalibus

176 1593 308 1654 tantum.
337 1589 507 1654 Praeterea
522 1609 541 1653 a
557 1591 685 1654 civitate
700 1588 1005 1672 Tirnauiensib
1029 1609 1130 1672 usque
1152 1591 1193 1654 ad
1216 1590 1370 1655 Budam

174 1694 208 1757 iu
236 1693 314 1758 locis
337 1692 547 1775 infrascriptis
573 1693 668 1758 debet
701 1693 786 1776 exigi
807 1694 962 1760 tributum
984 1694 1131 1761 similiter
1162 1696 1202 1761 de
1225 1695 1369 1760 cunibus

174 1798 462 1864 mercimonielibus
484 1797 576 1862 modo
600 1798 798 1881 supradicto:
822 1797 928 1865 Primo
950 1799 983 1864 in
1005 1798 1283 1879 Forkofunda,
1314 1818 1370 1881 00-

175 1906 244 1968 stea
265 1902 299 1966 in
320 1901 476 1980 Seniue,
499 1902 576 1966 item
597 1903 630 1966 in
652 1903 736 1968 villis
759 1902 990 1986 archiepiscopi
1020 1903 1244 1986 Strigoniensis
1273 1901 1369 1967 Nar-

174 2005 266 2070 hiid
303 2011 344 2072 et
377 2005 551 2071 waard
574 2005 742 2087 vocatis⁴)‚
765 2008 842 2072 item
874 2009 957 2074 ultra
986 2009 1217 2076 Danubium
1239 2026 1278 2072 ex
1307 2008 1370 2071 ista

125 2129 128 2133 ’
173 2112 333 2192 partein
363 2110 673 2194 Str·igonium;⁵)
710 2115 822 2193 postea
852 2113 982 2179 invilla
1006 2113 1197 2191 Chabiia3
1229 2111 1306 2176 item
1336 2111 1369 2175 in

177 2214 253 2279 villa
280 2213 387 2280 Sancti
414 2214 563 2281 Jacobi
586 2220 767 2300 pronastro
790 2215 963 2282 Veteris
995 2217 1117 2282 Buda.
1156 2217 1199 2282 Et
1220 2217 1253 2280 in
1279 2219 1370 2299 porta

178 2320 316 2385 civitatis
346 2319 554 2385 Budensis
584 2319 842 2387 debent'tributa
865 2323 948 2404 exigi
979 2322 1125 2387 similiter
1147 2322 1186 2387 de
1211 2321 1368 2395 curribus,

174 2429 268 2505 prout
290 2425 436 2506 superius
459 2431 508 2489 est
530 2445 723 2508 expressum.
748 2426 818 2492 Hoc
833 2432 938 2492 tamen
955 2428 1124 2506 declarato,
1142 2426 1226 2508 quod
1241 2427 1274 2490 in
1289 2425 1368 2490 locis

172 2529 362 2594 tributorum
384 2530 574 2613 supradictis
596 2532 701 2596 nullas
723 2531 819 2597 debet
837 2529 905 2597 fieri
921 2533 1075 2613 religatio,
1092 2536 1317 2614 praeterquam
1333 2531 1366 2593 in

175 2634 366 2715 civitatibus,
389 2636 422 2699 in
444 2637 559 2716 quibus
574 2636 767 2701 tricesimam
783 2637 1038 2702 constituerimus
1059 2637 1254 2718 exigendam.
1279 2637 1368 2714 Quae

175 2739 279 2803 omnia
301 2739 372 2804 loca
393 2739 582 2804 tributorum
604 2743 672 2805 tam
695 2741 816 2806 civibus
838 2740 1056 2807 Brunensibus
1079 2742 1118 2807 de
1140 2759 1238 2823 regno
1266 2740 1369 2805 Bohe-

173 2843 265 2925 miae,
297 2863 391 2926 quam
412 2844 538 2910 Nostris
569 2845 691 2910 civibus
720 2845 978 2912 Tirnaviensibns
1008 2844 1217 2913 referentibus
1251 2846 1369 2913 scimus

174 2965 245 3013 esse
263 2953 438 3031 atempore
448 2949 546 3015 Belae
557 2950 642 3032 regis
653 2951 807 3030 instituta,
824 2951 966 3032 legitima
981 2955 1015 3016 et
1028 2952 1152 3017 omnino
1168 2950 1236 3016 fore
1247 2952 1363 3034 justae.

192 3153 206 3172 ν
277 3087 346 3154 (Lib.
364 3095 453 3140 reluat.
469 3096 528 3142 1101.
546 3090 650 3154 etpric.
669 3089 748 3157 Prap.
766 3117 804 3158 Ἰ
819 3088 905 3156 obpro
924 3089 983 3142 Occi.
1008 3089 1063 3142 Vll.
1078 3089 1285 3144 7011010111.
1309 3093 1367 3142 256.

180 3173 374 3241 0010100001.
393 3177 446 3241 27.)

279 3297 327 3361 15.
350 3296 623 3362 Venetiarum
647 3297 725 3362 dux
748 3297 796 3362 de
818 3299 1139 3363 mercatoribus

208 3460 211 3467 .
277 3402 370 3466 1358.
415 3402 465 3467 26.
490 3402 565 3485 Apr.
611 3401 819 3468 Serenissimo
843 3442 850 3468 ·.
876 3454 882 3468 .
909 3454 926 3483 .,
961 3403 1136 3468 1111101011.
1166 3404 1189 3469 1.
1215 3405 1303 3470 etB.
1329 3405 1367 3474 R.
1427 3471 1429 3475 ,

172 3504 334 3572 lohannes
356 3506 514 3588 Delphino
537 3508 743 3573 Venetiarum
766 3512 825 3572 etc.
850 3508 914 3571 dux
938 3559 943 3572 .
970 3559 977 3572 .
1003 3559 1009 3572 .
1034 3509 1095 3572 Pro
1119 3528 1156 3573 00
1180 3509 1265 3591 quod
1287 3529 1368 3575 mer-

175 3614 297 3677 catores
321 3612 466 3677 concives
488 3617 613 3676 nostros
635 3614 669 3677 in
698 3611 847 3677 Vestram
869 3617 902 3677 et
923 3613 1052 3696 Imperii
1080 3613 1167 3679 Sacri
1198 3614 1368 3695 protectio-

172 3733 244 3780 nem
266 3732 428 3779 assumere
451 3716 601 3797 dignatur
622 3716 700 3799 Imp.
724 3717 790 3782 Ser.
815 3736 852 3782 ac
872 3717 951 3798 ipsis
968 3718 1170 3782 securitatem
1186 3721 1218 3781 et
1233 3718 1368 3782 liberum

172 3819 341 3884 transitum
363 3823 508 3902 temper
531 3820 737 3901 alamaniam,
762 3822 926 3886 Boemiam
949 3825 981 3886 et
1003 3821 1082 3886 alias
1105 3822 1248 3886 subditas
1269 3820 1367 3887 Vobis

173 3929 281 4005 partes
306 3924 346 3988 de
369 3925 522 4005 singulari
544 3924 748 4006 benignitatis
775 3944 905 3990 munere
935 3927 1137 4007 procurastis,
1172 3925 1241 3992 Seu.
1275 3925 1366 4021 Caes:

173 4028 214 4092 ad
244 4030 416 4112 gratiarnm
445 4032 585 4094 actiones
616 4031 833 4112 consurgimus
863 4035 896 4097 et
924 4031 1065 4096 volentes
1087 4031 1268 4114 hujusmodi
1302 4036 1367 4095 tam

172 4132 307 4216 benigno
329 4134 429 4199 favori
453 4153 509 4215 pro
524 4138 633 4198 nostra
647 4135 860 4217 possibilitate
876 4136 961 4201 vices
977 4136 1178 4217 respondere,
1203 4137 1367 4201 universos

173 4267 332 4274 *-

279 4326 297 4391 1)
315 4323 424 4379 Korlat-
442 4325 494 4378 Kb.
514 4324 533 4392 ²)
552 4322 674 4392 Byksad,
691 4324 775 4394 Beyn.
794 4326 815 4394 ³)
833 4325 949 4380 Trnava.
977 4326 998 4393 ⁴)
1017 4325 1206 4395 Forkoshyda,
1224 4326 1359 4396 Semptey,

172 4409 293 4478 Varhed,
310 4411 408 4466 Udvar.
447 4413 467 4479 5)
486 4411 618 4479 Stiehom,
638 4411 721 4465 Gran.
