3225 5017
928 265 1057 336 Gap.
1093 264 1240 321 VIII.
1287 265 1398 322 Res
1435 264 1853 321 ecclesiasticae.
2103 291 2106 299 ·
2475 271 2582 320 199

217 461 438 525 siarum
482 460 771 543 plebanis
816 460 880 524 in
925 463 1141 525 nostra
1187 459 1426 526 diocesi
1479 459 1839 526 constitutis
1899 459 2219 543 praesenti
2279 460 2584 525 constitu-

213 566 370 629 tione
416 565 700 648 synodali
745 565 862 630 sub
905 565 1414 631 interminatione
1460 565 1660 631 divini
1707 564 1921 645 officii,
1977 564 2206 647 judicii
2266 568 2331 629 et
2388 564 2584 629 male-

213 669 494 734 dictionis
539 673 851 734 aeternae.

419 793 472 856 1.
564 790 655 856 Ut
728 791 1086 876 quicunque
1158 791 1225 855 in
1255 870 1258 875 ἣ
1292 790 1478 873 plebe
1553 809 1672 856 sua
1744 791 2002 858 sciverit
2066 790 2421 855 haereticos
2484 790 2585 855 vel

211 899 529 978 suspectos
575 895 655 960 de
699 893 969 976 haeresi,
1015 894 1183 976 quod
1227 895 1409 960 nobis
1455 899 1520 960 et
1563 895 2049 978 inquisitoribus
2082 899 2304 978 utpote
2348 915 2387 960 a
2432 894 2585 960 sede

209 1000 544 1082 apostolica
587 999 670 1064 ad
713 999 833 1064 hoc
876 998 1219 1081 deputatis,
1269 1000 1520 1081 signare
1564 1018 1789 1066 omnes
1818 999 2187 1065 nominatim
2227 1002 2581 1082 procurent.

412 1122 469 1186 2.
518 1121 679 1186 Item
724 1120 1032 1199 110111111110,
1081 1122 1152 1183 ut
1195 1120 1406 1185 nullus
1452 1125 1735 1186 vestrum
1780 1121 2077 1186 admittat
2120 1121 2186 1185 in
2232 1139 2348 1186 sua
2400 1121 2585 1205 plebe

212 1228 594 1294 committere
618 1276 631 1293 .
654 1277 667 1291 .
689 1273 704 1288 .
725 1275 738 1290 .
763 1243 875 1290 seu
899 1224 1316 1306 obligationes
1333 1225 1823 1308 qualescunque,
1850 1244 1993 1290 cum
2008 1243 2085 1290 ex
2101 1225 2329 1290 iisdem
2355 1226 2586 1292 obven-

208 1333 476 1398 tionibus
523 1331 590 1396 in
633 1334 868 1397 sortem
913 1328 1188 1395 voluerit
1231 1332 1597 1412 computare
1643 1330 1882 1395 eisdem
1942 1330 2089 1412 jura
2133 1329 2580 1396 ecclesiastica.

208 1435 267 1502 Si
305 1455 432 1501 non
477 1435 867 1501 cessaverint
910 1439 976 1500 et
1019 1434 1269 1517 plenam
1327 1435 1796 1501 lestitutionem
1853 1454 1977 1500 non
2036 1434 2321 1516 fecerint,
2382 1436 2586 1501 nulla-

207 1547 379 1607 tenus
451 1558 560 1605 eos
617 1539 870 1605 faciatis
935 1538 1018 1603 ad
1078 1539 1576 1606 communionem
1607 1537 1857 1659 'altaris
1917 1544 1982 1606 et
2046 1540 2128 1605 ad
2197 1542 2586 1625 sepulturam

208 1644 479 1712 fidelium
523 1644 780 1709 minime
823 1643 1208 1727 permittere.

403 1768 463 1833 3.
511 1748 674 1833 Item
705 1765 1042 1831 statuimus
1075 1769 1140 1830 et
1167 1765 1558 1847 mandamUS,
1591 1770 1664 1832 ut
1690 1767 1901 1832 nullus
1940 1770 2221 1833 vestrum
2257 1767 2586 1832 mulierem

208 1878 559 1956 suspectam
603 1874 967 1954 praesumat
1009 1870 1075 1933 in
1120 1869 1304 1934 domo
1349 1871 1604 1954 propria
1648 1871 1940 1937 retinere.
2000 1870 2067 1936 Si
2115 1872 2259 1953 quis
2303 1875 2585 1936 vestrum

208 1978 581 2043 contrarium
622 1975 833 2042 facere
877 1975 1350 2058 praesumserit,
1395 1976 1645 2041 noverit
1698 1994 1767 2041 se
1810 1993 1935 2041 non
1980 1976 2184 2041 solum
2228 1994 2585 2042 excommu-

205 2082 532 2148 nicationis
578 2079 950 2161 sententiae‚
998 2098 1187 2161 quam
1233 2084 1450 2145 contra
1493 2080 1657 2146 tales
1702 2081 1843 2164 ipso
1886 2079 2053 2146 facto
2091 2081 2583 2162 promulgamus,

207 2188 543 2270 subjacere,
619 2186 734 2251 sed
807 2185 1000 2252 etiam
1075 2184 1155 2250 de
1225 2188 1442 2250 nostra
1515 2184 1775 2266 diocesi,
1863 2181 2157 2250 beneficii
2229 2185 2585 2267 privatione

205 2291 565 2373 praemissa,
626 2290 847 2372 utique
915 2307 1056 2355 esse
1115 2289 1572 2372 expellendum.
1664 2288 1731 2355 Si
1792 2290 1884 2355 sic
1944 2289 2245 2373 expulsus
2302 2293 2584 2355 nostram

204 2398 499 2463 diocesim
521 2406 538 2414 ”
556 2395 952 2477 iterumquae
1009 2394 1463 2476 praesumserit
1503 2393 1831 2476 reintrare,
1886 2397 2233 2476 perpetuae
2284 2395 2585 2460 carcerali

206 2501 542 2580 custodiae,
611 2500 971 2581 ubicunque
1032 2498 1464 2581 deprehensus
1529 2497 1740 2579 fuerit,
1807 2496 2282 2581 mancipanduS,
2343 2498 2583 2563 nullam

206 2625 373 2689 spem
418 2605 699 2671 divinam
743 2604 1092 2669 habiturus.

399 2730 461 2794 4.
552 2726 714 2793 Item
759 2726 1219 2806 constituimus,
1283 2729 1354 2790 ut
1395 2725 1607 2790 nullus
1667 2728 1948 2791 vestrum
1994 2724 2073 2791 ab
2138 2724 2409 2790 00010010
2470 2742 2585 2791 0110

206 2835 332 2900 01110
373 2829 594 2899 11001πο
639 2831 902 2914 speciali
945 2831 1205 2896 licentia
1247 2832 1613 2912 praesumat
1659 2829 1878 2903 abire.

399 2956 460 3022 5.
507 2955 671 3020 Item
714 2953 1022 3032 volumus,
1068 2956 1141 3020 ut
1182 2953 1393 3017 nullus
1429 2956 1713 3018 vestrum
1744 2950 2415 3017 excommunicationis
2445 2950 2585 3016 vin-

218 3063 349 3127 culo
393 3059 754 3138 innodatus,
800 3061 1167 3141 praesumat
1210 3075 1299 3136 se,
1322 3057 1613 3138 ingerere
1658 3056 1907 3122 divinis

410 3185 470 3248 6.
546 3181 710 3245 Item
751 3179 1062 3260 volumus,
1109 3178 1524 3260 omnibusque
1571 3177 1984 3244 ecclesiarum
2029 3177 2315 3260 plebanis
2374 3177 2582 3261 injun-

207 3289 399 3368 gimus
445 3290 512 3352 et
567 3285 958 3364 mandamuS,
1021 3286 1093 3348 ut
1148 3283 1359 3347 nullus
1418 3286 1702 3348 vestrum
1762 3281 2151 3365 proscriptos
2209 3281 2477 3363 recipiat
2520 3287 2585 3346 et

207 3391 504 3472 bannitOS,
549 3409 674 3455 non
704 3388 1005 3471 praedam
1035 3387 1114 3452 ab
1145 3387 1304 3468 ipsis
1350 3387 1660 3468 suscipiat
1704 3391 1770 3451 et
1797 3404 1929 3451 non
1958 3385 2239 3468 ipsorum
2269 3385 2584 3467 proscrip-

207 3501 400 3561 torum
446 3499 514 3560 et
555 3491 1103 3572 incendiariorum,
1160 3490 1554 3573 aliorumque
1612 3490 2097 3557 malefactorum
2155 3489 2414 3554 nuntius
2473 3493 2585 3554 aut

209 3600 523 3680 mediator,
568 3601 757 3682 prout
799 3597 997 3679 aliqui
1056 3600 1339 3662 vestrum
1395 3597 1605 3663 facere
1673 3598 2151 3674 consueverunt,
2214 3611 2357 3659 esse
2400 3612 2584 3676 prae-

212 3711 434 3786 sumat3
503 3703 662 3768 alias
720 3702 882 3767 tales
944 3701 1029 3766 ad
1071 3701 1490 3784 privationem
1533 3698 1823 3767 beneficii
1868 3703 1935 3766 et
1984 3700 2397 3767 intrusionem
2439 3717 2583 3782 per-

212 3811 370 3890 petui
414 3809 687 3875 carceris
733 3805 1148 3890 procedemus
1201 3806 1369 3889 (sic.)

413 3915 469 3980 7.
562 3913 722 3978 Item
766 3910 1140 3976 mandamus
1185 3910 1475 3976 omnibus
1518 3910 1827 3992 plebaniS‚
1891 3913 2203 3992 quatenus
2246 3909 2314 3973 in
2360 3907 2583 3973 exhor-

211 4019 539 4084 tationibus
603 4017 856 4083 illorum
921 4016 1225 4099 populum
1292 4015 1612 4094 inducant,
1682 4018 1755 4079 ut
1829 4013 2132 4079 silvarum
2193 4017 2258 4078 et
2316 4013 2582 4077 aliorum

211 4121 556 4205 hujusmodi
601 4140 715 4187 seu
757 4141 968 4186 rerum
1012 4121 1295 4204 ipsorum
1339 4118 1727 4184 incensarios
1760 4116 2243 4202 (adhortentur),
2276 4122 2348 4182 ut
2377 4137 2415 4182 a
2443 4120 2577 4182 tam

213 4227 463 4293 nefando
533 4227 793 4293 crimine
864 4227 943 4292 de
1011 4230 1259 4291 caetero
1319 4224 1717 4306 resipiscant,
1784 4223 2249 4288 innotescentes
2318 4220 2577 4301 eisdem,

214 4332 366 4411 quod
407 4333 583 4415 prius
630 4350 819 4415 quam
863 4349 976 4414 pro
1021 4329 1383 4414 hujusmodi
1429 4329 1689 4394 crimine
1740 4327 1976 4393 fuerint
2039 4327 2580 4406 excommunicati,
