3225 5017
868 312 999 383 Cap.
1034 312 1125 367 IV.
1161 313 1342 366 Berua
1379 311 1545 381 regia.
2240 324 2244 333 ·
2306 315 2404 365 135

13 525 189 587 casu,
233 524 356 590 quo
401 507 523 572 hoc
563 525 688 573 non
730 504 929 588 fieret,
978 527 1056 572 ex
1101 511 1253 572 tunc
1300 505 1727 572 commisimus
1768 506 2172 589 Sigismundo
2203 505 2412 571 Huler

15 610 486 678 subcamerario
531 613 711 696 regni
754 612 1118 694 Bohemiae,
1162 610 1337 677 fideli
1380 615 1596 677 nostro
1644 611 1894 692 dilecto,
1942 614 2013 675 ut
2042 597 2410 695 hujusmodi

16 735 329 783 summam
372 718 680 802 pecuniae
725 717 897 800 apud
924 716 967 783 J
969 717 1207 783 udaeos
1241 734 1433 800 super
1471 716 1719 782 damnis
1763 715 1992 782 vestris
2041 717 2411 799 conquirere

15 828 81 889 et
127 823 394 890 eandem
435 823 620 891 nobis
666 823 936 889 ulterius
982 822 1211 890 debeat
1253 826 1676 907 praesentare.
1733 821 1972 887 Datum
2014 819 2261 903 Pragae
2306 821 2411 887 die

13 927 171 993 XXI
213 927 600 1015 Decembris.

229 1031 376 1099 (God-
414 1032 574 1099 σαμε.
609 1033 767 1100 naq.
805 1031 849 1086 1.
887 1034 974 1084 40,
1013 1059 1082 1070 -
1114 1029 1194 1085 ιιι.
1230 1032 1370 1100 174.)
1421 1112 1425 1119 ι

232 1205 693 1290 Sigismundus,
742 1206 1310 1273 subcammerarius
1351 1211 1417 1272 et
1446 1224 1736 1272 camerae
1763 1205 1944 1289 regni
1974 1205 2274 1273 Boemiae
2300 1225 2413 1271 no-

12 1314 241 1380 tarius,
333 1313 540 1401 Amici
585 1312 932 1378 carissimi!
980 1311 1263 1394 Urgente
1307 1310 1392 1377 ad
1434 1330 1737 1394 praesens
1783 1312 2095 1379 maximae
2137 1312 2413 1377 necessi-

12 1419 174 1483 tatis
221 1419 435 1501 regiae
479 1417 766 1499 articulo,
812 1421 1089 1483 vestram
1143 1417 1492 1482 amicitiam
1522 1418 1761 1483 seriose
1800 1435 2127 1505 ammoneo
2173 1421 2239 1483 et
2264 1420 2411 1499 peto

13 1523 469 1605 praesentibus
516 1523 871 1606 diligenter,
918 1528 1228 1607 quatenus
1275 1527 1617 1606 pensantes
1647 1524 1786 1604 hoc,
1832 1523 2002 1606 quod
2036 1527 2213 1589 tanto
2256 1526 2414 1587 tem-

19 1645 184 1710 pore
227 1627 420 1694 etiam
461 1647 605 1694 cum
650 1629 877 1695 damno
907 1646 1048 1694 meo
1068 1626 1071 1637 '
1093 1628 1275 1694 vobis
1319 1629 1784 1710 expectaverim
1812 1633 1944 1693 tam
1972 1628 2261 1710 benigne,
2307 1645 2417 1709 pe-

19 1732 245 1797 cunias
289 1736 541 1798 vestrae
583 1732 835 1815 hernae,
882 1733 948 1798 in
993 1732 1223 1816 quibus
1255 1732 1464 1798 adhuc
1500 1734 1700 1815 regali
1750 1752 2039 1799 camerae
2082 1730 2416 1797 noscimini

18 1835 314 1916 obligari,
357 1855 501 1901 mox
548 1836 632 1902 ad
673 1836 910 1903 festum
954 1836 1013 1903 S.
1065 1837 1323 1920 Georgii
1367 1837 1656 1919 proxime
1686 1837 2030 1903 affuturum
2072 1836 2229 1902 mihi
2273 1855 2416 1920 per-

19 1939 274 2005 solvere
315 1941 675 2007 nullatenus
720 1942 1092 2023 obmittatiS,
1138 1961 1253 2025 per
1281 1942 1402 2007 hoc
1431 1943 1650 2026 itaque
1688 1961 1791 2007 me
1821 1943 2001 2008 vobis
2032 1942 2115 2010 ad
2147 1940 2417 2007 similem

18 2043 119 2108 vel
152 2044 459 2128 majorem
486 2044 978 2111 benivolentiam
1006 2044 1343 2112 reddentes
1375 2064 1675 2112 successu
1703 2047 2005 2128 temporis
2036 2047 2410 2130 proniorem.

18 2146 222 2213 Secus
281 2167 432 2214 vero
491 2150 547 2214 si
606 2149 904 2233 feceritis,
968 2168 1046 2215 ex
1103 2155 1256 2217 tunc
1316 2151 1680 2236 hujusmodi
1721 2151 2109 2234 negligentia
2151 2171 2191 2216 a
2233 2150 2415 2216 vobis

19 2252 164 2317 sine
207 2252 402 2320 dubio
446 2255 847 2322 strictissime
889 2257 1180 2339 protinus
1225 2257 1528 2339 exigetur.
1588 2255 1907 2339 Scriptum
1950 2256 2305 2338 BurgleinS,
2350 2255 2417 2318 in

19 2358 337 2425 sabbatho
382 2359 602 2442 vigilia
643 2359 905 2426 Pasche.

237 2462 383 2530 (eoa.
419 2463 580 2539 capit.
616 2464 774 2534 Praq.
812 2462 856 2517 Ι.
892 2467 1084 2519 40..-
1120 2465 1203 2518 112.
1240 2466 1380 2534 175.)

236 2636 488 2703 Fideles
534 2639 783 2705 dilecti!
847 2639 1020 2706 Talis
1078 2659 1154 2706 ac
1197 2645 1376 2706 tanta
1417 2639 1550 2707 Nos
1607 2641 1690 2706 ad
1735 2658 2035 2722 praesens
2078 2643 2264 2721 urget
2305 2656 2415 2703 ne-

21 2743 315 2824 cessitaS,
363 2746 437 2808 ut
477 2762 591 2827 pro
636 2744 1037 2826 reprimenda
1080 2745 1456 2811 Nostrorum
1499 2746 1833 2812 rebellium
1876 2746 2229 2828 aliquorum
2275 2761 2417 2826 pro-

18 2848 250 2928 tervia,
295 2866 455 2930 pace
484 2866 734 2931 quoque
763 2848 829 2915 in
857 2834 1050 2930 regno
1087 2848 1320 2924 Nostro
1353 2849 1752 2930 stabilienda,
1796 2854 2018 2931 gentes
2049 2849 2419 2930 conquirere

18 2971 94 3017 ac
165 2952 424 3018 easdem
485 2954 601 3019 sub
662 2952 873 3019 debito
934 2957 1224 3036 oporteat
1284 2953 1598 3037 stipendio
1658 2969 1773 3018 nos
1825 2956 2058 3020 tenere.
2152 2953 2419 3036 Propter

17 3056 200 3149 quod
259 3055 395 3121 Fid.
458 3055 652 3123 Vram
703 3059 1102 3141 requirimuS,
1165 3058 1474 3142 vobisque
1531 3062 1751 3123 tenore
1809 3059 2241 3141 praesentium
2300 3057 2418 3123 sub

19 3160 191 3242 regii
251 3160 488 3227 favoris
547 3162 806 3228 obtentu
866 3163 1154 3228 districte
1213 3161 1603 3246 mandamus,
1674 3168 1983 3247 quatenus
2050 3181 2197 3228 mox
2262 3162 2419 3228 visis

22 3267 471 3346 praesentibus
537 3271 786 3332 centum
847 3286 1193 3350 sexagenas
1254 3285 1617 3350 grossorum
1673 3272 1981 3349 mutuare,
2043 3286 2117 3333 ac
2163 3266 2419 3332 easdem

22 3369 383 3436 honorabili
444 3370 622 3436 Adae
681 3373 915 3454 regalis
978 3391 1263 3437 camerae
1321 3376 1576 3438 nostrae
1633 3374 1879 3438 notario
1940 3372 2226 3439 debeatis
2284 3372 2422 3436 sine

21 3474 526 3541 contradictione
549 3480 614 3540 et
634 3476 935 3541 dilatione
964 3476 1350 3560 quibuslibet
1371 3475 1641 3558 Pragam
1663 3477 1867 3541 modis
1892 3474 2225 3542 destinetis
2252 3476 2417 3561 (sic),

26 3597 193 3661 quas
252 3579 431 3645 vobis
491 3580 557 3645 in
603 3581 896 3647 censibus
960 3600 1073 3646 seu
1119 3582 1330 3647 bernis
1392 3585 1504 3645 aut
1546 3582 1611 3646 in
1658 3581 2179 3666 ‘impositionibus
2236 3578 2421 3645 nobis

27 3702 144 3766 per
205 3703 321 3750 vos
378 3686 659 3769 proxime
719 3686 1036 3752 solvendis
1096 3685 1388 3751 volumus
1450 3685 1781 3752 defalcare.
1871 3686 2128 3751 Nullam
2184 3687 2251 3751 in
2300 3684 2421 3749 hoc

31 3790 434 3856 commissuri
489 3790 957 3874 negligentiam,
1017 3793 1206 3873 prout
1264 3789 1761 3872 indignationem
1818 3790 2058 3872 regiam
2102 3793 2168 3854 et
2208 3809 2421 3854 rerum

31 3900 391 3961 vestrarum
434 3894 768 3980 dispendia
812 3894 1076 3978 diligitis
1121 3894 1380 3961 evitare.
1435 3895 1673 3960 Datum
1716 3893 1775 3960 ff.
1823 3894 1901 3960 11.
1951 3898 2099 3978 post
2142 3894 2421 3977 corporis

33 3998 296 4064 Christi.

220 4102 392 4171 (de.
436 4102 648 4159 Trebon.
687 4103 740 4157 0.
777 4133 844 4142 —
879 4103 960 4159 lb.
997 4106 1139 4172 176.)

251 4277 437 4344 1385.
483 4277 584 4342 24.
633 4277 814 4345 Febr.
860 4275 1400 4342 Wenceslaus
1447 4281 1563 4342 etc.
1893 4369 1897 4375 ι

249 4382 501 4449 Fideles
547 4381 794 4449 dilecti!
841 4381 1166 4448 Fidelitati
1211 4387 1460 4448 vestrae
1504 4380 1944 4465 praesentibus
1982 4382 2101 4447 sub
2144 4382 2421 4464 puritate
