<?xml version="1.0" encoding="UTF-8"?>
<!DOCTYPE html PUBLIC "-//W3C//DTD XHTML 1.0 Transitional//EN"
    "http://www.w3.org/TR/xhtml1/DTD/xhtml1-transitional.dtd">
<html xmlns="http://www.w3.org/1999/xhtml" xml:lang="en" lang="en">
 <head>
  <title>
</title>
<meta http-equiv="Content-Type" content="text/html;charset=utf-8" />
  <meta name='ocr-system' content='tesseract 3.04.00' />
  <meta name='ocr-capabilities' content='ocr_page ocr_carea ocr_par ocr_line ocrx_word'/>
</head>
<body>
  <div class='ocr_page' id='page_1' title='image "./codexjurisbohem02kingoog_0223.png"; bbox 0 0 3225 5017; ppageno 0'>
   <div class='ocr_carea' id='block_1_1' title="bbox 501 341 1325 412">
    <p class='ocr_par' dir='ltr' id='par_1_1' title="bbox 501 341 1325 412">
     <span class='ocr_line' id='line_1_1' title="bbox 501 341 1325 412; baseline 0.008 -17"><span class='ocrx_word' id='word_1_1' title='bbox 501 341 565 412; x_wconf 82' lang='lat' dir='ltr'>Cap.</span> <span class='ocrx_word' id='word_1_2' title='bbox 584 342 657 396; x_wconf 83' lang='lat' dir='ltr'>VIII.</span> <span class='ocrx_word' id='word_1_3' title='bbox 680 341 735 398; x_wconf 88' lang='lat' dir='ltr'>Res</span> <span class='ocrx_word' id='word_1_4' title='bbox 754 343 962 402; x_wconf 87' lang='lat' dir='ltr'>ecclesiasticae.</span> <span class='ocrx_word' id='word_1_5' title='bbox 1275 353 1325 402; x_wconf 76' lang='lat'>213</span> 
     </span>
    </p>
   </div>
   <div class='ocr_carea' id='block_1_2' title="bbox 128 532 1378 931">
    <p class='ocr_par' dir='ltr' id='par_1_2' title="bbox 128 532 1378 931">
     <span class='ocr_line' id='line_1_2' title="bbox 132 532 1325 620; baseline 0.006 -24"><span class='ocrx_word' id='word_1_6' title='bbox 132 536 169 597; x_wconf 90' lang='lat' dir='ltr'>ut</span> <span class='ocrx_word' id='word_1_7' title='bbox 191 532 317 614; x_wconf 91' lang='lat' dir='ltr'>ipsein</span> <span class='ocrx_word' id='word_1_8' title='bbox 339 534 424 601; x_wconf 91' lang='lat' dir='ltr'>dicto</span> <span class='ocrx_word' id='word_1_9' title='bbox 446 553 542 619; x_wconf 88' lang='lat' dir='ltr'>regno</span> <span class='ocrx_word' id='word_1_10' title='bbox 565 537 653 601; x_wconf 83' lang='lat' dir='ltr'>velut</span> <span class='ocrx_word' id='word_1_11' title='bbox 673 537 757 601; x_wconf 90' lang='lat' dir='ltr'>inter</span> <span class='ocrx_word' id='word_1_12' title='bbox 778 541 904 619; x_wconf 83' lang='lat' dir='ltr'>gentem</span> <span class='ocrx_word' id='word_1_13' title='bbox 927 554 1016 603; x_wconf 90' lang='lat' dir='ltr'>snam</span> <span class='ocrx_word' id='word_1_14' title='bbox 1043 540 1075 603; x_wconf 91' lang='lat' dir='ltr'>et</span> <span class='ocrx_word' id='word_1_15' title='bbox 1096 537 1232 620; x_wconf 89' lang='lat' dir='ltr'>patriam</span> <span class='ocrx_word' id='word_1_16' title='bbox 1253 537 1325 603; x_wconf 86' lang='lat' dir='ltr'>red·</span> 
     </span>
     <span class='ocr_line' id='line_1_3' title="bbox 132 636 1323 725; baseline 0.004 -24"><span class='ocrx_word' id='word_1_17' title='bbox 132 636 227 703; x_wconf 85' lang='lat' dir='ltr'>datur</span> <span class='ocrx_word' id='word_1_18' title='bbox 247 644 401 723; x_wconf 89' lang='lat' dir='ltr'>perpetuo</span> <span class='ocrx_word' id='word_1_19' title='bbox 424 641 589 723; x_wconf 85' lang='lat' dir='ltr'>gloriosus,</span> <span class='ocrx_word' id='word_1_20' title='bbox 611 641 776 725; x_wconf 80' lang='lat' dir='ltr'>ipsiusque</span> <span class='ocrx_word' id='word_1_21' title='bbox 798 641 984 724; x_wconf 79' lang='lat' dir='ltr'>dIgnissima</span> <span class='ocrx_word' id='word_1_22' title='bbox 1009 643 1160 708; x_wconf 89' lang='lat' dir='ltr'>memoria</span> <span class='ocrx_word' id='word_1_23' title='bbox 1189 643 1323 709; x_wconf 86' lang='lat' dir='ltr'>celebris</span> 
     </span>
     <span class='ocr_line' id='line_1_4' title="bbox 130 739 1378 828; baseline 0.004 -23"><span class='ocrx_word' id='word_1_24' title='bbox 130 739 294 824; x_wconf 80' lang='lat' dir='ltr'>habeatur,</span> <span class='ocrx_word' id='word_1_25' title='bbox 317 750 471 828; x_wconf 90' lang='lat' dir='ltr'>perpetuo</span> <span class='ocrx_word' id='word_1_26' title='bbox 489 746 624 811; x_wconf 90' lang='lat' dir='ltr'>Domino</span> <span class='ocrx_word' id='word_1_27' title='bbox 646 744 845 826; x_wconf 88' lang='lat' dir='ltr'>famulantes,</span> <span class='ocrx_word' id='word_1_28' title='bbox 869 745 1011 811; x_wconf 89' lang='lat' dir='ltr'>divinum</span> <span class='ocrx_word' id='word_1_29' title='bbox 1026 745 1173 828; x_wconf 87' lang='lat' dir='ltr'>officium,</span> <span class='ocrx_word' id='word_1_30' title='bbox 1196 751 1323 812; x_wconf 89' lang='lat' dir='ltr'>noctur·</span> <span class='ocrx_word' id='word_1_31' title='bbox 1375 787 1378 794; x_wconf 79' lang='lat'>,</span> 
     </span>
     <span class='ocr_line' id='line_1_5' title="bbox 128 848 1019 931; baseline 0.013 -21"><span class='ocrx_word' id='word_1_32' title='bbox 128 864 206 912; x_wconf 91' lang='lat' dir='ltr'>num</span> <span class='ocrx_word' id='word_1_33' title='bbox 218 848 377 922; x_wconf 59' lang='lat' dir='ltr'>,videlicet</span> <span class='ocrx_word' id='word_1_34' title='bbox 398 855 431 916; x_wconf 91' lang='lat' dir='ltr'>et</span> <span class='ocrx_word' id='word_1_35' title='bbox 453 851 608 931; x_wconf 90' lang='lat' dir='ltr'>diurnum,</span> <span class='ocrx_word' id='word_1_36' title='bbox 631 850 759 916; x_wconf 88' lang='lat' dir='ltr'>valeant</span> <span class='ocrx_word' id='word_1_37' title='bbox 781 849 949 916; x_wconf 89' lang='lat' dir='ltr'>celebrare.</span> <span class='ocrx_word' id='word_1_38' title='bbox 1018 915 1019 922; x_wconf 74' lang='grc'>,</span> 
     </span>
    </p>
   </div>
   <div class='ocr_carea' id='block_1_3' title="bbox 106 1003 1348 3602">
    <p class='ocr_par' dir='ltr' id='par_1_3' title="bbox 106 1003 1348 3602">
     <span class='ocr_line' id='line_1_6' title="bbox 233 1003 1321 1091; baseline 0.005 -22"><span class='ocrx_word' id='word_1_39' title='bbox 233 1003 352 1071; x_wconf 88' lang='lat' dir='ltr'>Verum</span> <span class='ocrx_word' id='word_1_40' title='bbox 374 1025 446 1072; x_wconf 91' lang='lat' dir='ltr'>cum</span> <span class='ocrx_word' id='word_1_41' title='bbox 468 1008 647 1090; x_wconf 76' lang='lat' dir='ltr'>spiritualia</span> <span class='ocrx_word' id='word_1_42' title='bbox 666 1008 735 1074; x_wconf 90' lang='lat' dir='ltr'>sine</span> <span class='ocrx_word' id='word_1_43' title='bbox 756 1009 982 1090; x_wconf 81' lang='lat' dir='ltr'>temporalibus</span> <span class='ocrx_word' id='word_1_44' title='bbox 1004 1013 1163 1091; x_wconf 88' lang='lat' dir='ltr'>nequeant</span> <span class='ocrx_word' id='word_1_45' title='bbox 1177 1007 1232 1074; x_wconf 91' lang='lat' dir='ltr'>diu</span> <span class='ocrx_word' id='word_1_46' title='bbox 1248 1008 1321 1074; x_wconf 92' lang='lat' dir='ltr'>sub-</span> 
     </span>
     <span class='ocr_line' id='line_1_7' title="bbox 126 1106 1320 1197; baseline 0.007 -26"><span class='ocrx_word' id='word_1_47' title='bbox 126 1106 252 1190; x_wconf 90' lang='lat' dir='ltr'>sistere,</span> <span class='ocrx_word' id='word_1_48' title='bbox 275 1111 466 1178; x_wconf 77' lang='lat' dir='ltr'>erectionem</span> <span class='ocrx_word' id='word_1_49' title='bbox 489 1116 522 1178; x_wconf 90' lang='lat' dir='ltr'>et</span> <span class='ocrx_word' id='word_1_50' title='bbox 543 1113 766 1178; x_wconf 82' lang='lat' dir='ltr'>exaltationem</span> <span class='ocrx_word' id='word_1_51' title='bbox 787 1113 970 1180; x_wconf 89' lang='lat' dir='ltr'>huiusmodi</span> <span class='ocrx_word' id='word_1_52' title='bbox 992 1118 1114 1196; x_wconf 84' lang='lat' dir='ltr'>gratam</span> <span class='ocrx_word' id='word_1_53' title='bbox 1129 1118 1162 1179; x_wconf 92' lang='lat' dir='ltr'>et</span> <span class='ocrx_word' id='word_1_54' title='bbox 1176 1118 1320 1197; x_wconf 90' lang='lat' dir='ltr'>accepta-</span> 
     </span>
     <span class='ocr_line' id='line_1_8' title="bbox 124 1211 1319 1302; baseline 0.008 -25"><span class='ocrx_word' id='word_1_55' title='bbox 124 1211 224 1278; x_wconf 89' lang='lat' dir='ltr'>bilem</span> <span class='ocrx_word' id='word_1_56' title='bbox 245 1213 333 1280; x_wconf 87' lang='lat' dir='ltr'>relnt</span> <span class='ocrx_word' id='word_1_57' title='bbox 354 1234 434 1300; x_wconf 89' lang='lat' dir='ltr'>opus</span> <span class='ocrx_word' id='word_1_58' title='bbox 462 1236 611 1284; x_wconf 91' lang='lat' dir='ltr'>manuum</span> <span class='ocrx_word' id='word_1_59' title='bbox 640 1216 828 1284; x_wconf 86' lang='lat' dir='ltr'>Nostrarum</span> <span class='ocrx_word' id='word_1_60' title='bbox 858 1238 953 1302; x_wconf 89' lang='lat' dir='ltr'>quam</span> <span class='ocrx_word' id='word_1_61' title='bbox 975 1219 1145 1302; x_wconf 91' lang='lat' dir='ltr'>plurimum</span> <span class='ocrx_word' id='word_1_62' title='bbox 1166 1219 1319 1286; x_wconf 91' lang='lat' dir='ltr'>habentes</span> 
     </span>
     <span class='ocr_line' id='line_1_9' title="bbox 125 1319 1319 1407; baseline 0.005 -25"><span class='ocrx_word' id='word_1_63' title='bbox 125 1323 161 1382; x_wconf 92' lang='lat' dir='ltr'>et</span> <span class='ocrx_word' id='word_1_64' title='bbox 182 1319 330 1401; x_wconf 89' lang='lat' dir='ltr'>habituri,</span> <span class='ocrx_word' id='word_1_65' title='bbox 345 1320 498 1404; x_wconf 81' lang='lat' dir='ltr'>fragranti</span> <span class='ocrx_word' id='word_1_66' title='bbox 510 1327 549 1390; x_wconf 88' lang='lat' dir='ltr'>et</span> <span class='ocrx_word' id='word_1_67' title='bbox 570 1322 695 1387; x_wconf 89' lang='lat' dir='ltr'>sincera</span> <span class='ocrx_word' id='word_1_68' title='bbox 715 1342 791 1405; x_wconf 91' lang='lat' dir='ltr'>erga</span> <span class='ocrx_word' id='word_1_69' title='bbox 805 1321 965 1407; x_wconf 85' lang='lat' dir='ltr'>praefatos</span> <span class='ocrx_word' id='word_1_70' title='bbox 980 1327 1134 1407; x_wconf 85' lang='lat' dir='ltr'>martyres</span> <span class='ocrx_word' id='word_1_71' title='bbox 1150 1328 1183 1389; x_wconf 92' lang='lat' dir='ltr'>et</span> <span class='ocrx_word' id='word_1_72' title='bbox 1198 1322 1319 1388; x_wconf 80' lang='lat' dir='ltr'>confes-</span> 
     </span>
     <span class='ocr_line' id='line_1_10' title="bbox 125 1425 1320 1510; baseline 0.006 -23"><span class='ocrx_word' id='word_1_73' title='bbox 125 1440 217 1490; x_wconf 88' lang='lat' dir='ltr'>sores</span> <span class='ocrx_word' id='word_1_74' title='bbox 249 1425 417 1492; x_wconf 82' lang='lat' dir='ltr'>devotione</span> <span class='ocrx_word' id='word_1_75' title='bbox 449 1428 584 1509; x_wconf 89' lang='lat' dir='ltr'>accensi,</span> <span class='ocrx_word' id='word_1_76' title='bbox 621 1431 857 1510; x_wconf 87' lang='lat' dir='ltr'>extremamque</span> <span class='ocrx_word' id='word_1_77' title='bbox 890 1428 975 1494; x_wconf 90' lang='lat' dir='ltr'>diem</span> <span class='ocrx_word' id='word_1_78' title='bbox 1007 1428 1127 1509; x_wconf 88' lang='lat' dir='ltr'>iudicii,</span> <span class='ocrx_word' id='word_1_79' title='bbox 1160 1428 1320 1510; x_wconf 91' lang='lat' dir='ltr'>adquam</span> 
     </span>
     <span class='ocr_line' id='line_1_11' title="bbox 123 1528 1316 1600; baseline 0.005 -8"><span class='ocrx_word' id='word_1_80' title='bbox 123 1545 198 1593; x_wconf 88' lang='lat' dir='ltr'>cum</span> <span class='ocrx_word' id='word_1_81' title='bbox 220 1530 339 1597; x_wconf 88' lang='lat' dir='ltr'>sederit</span> <span class='ocrx_word' id='word_1_82' title='bbox 358 1528 443 1597; x_wconf 88' lang='lat' dir='ltr'>lilius</span> <span class='ocrx_word' id='word_1_83' title='bbox 464 1531 600 1597; x_wconf 91' lang='lat' dir='ltr'>hominis</span> <span class='ocrx_word' id='word_1_84' title='bbox 622 1533 656 1597; x_wconf 92' lang='lat' dir='ltr'>in</span> <span class='ocrx_word' id='word_1_85' title='bbox 677 1533 755 1598; x_wconf 91' lang='lat' dir='ltr'>sede</span> <span class='ocrx_word' id='word_1_86' title='bbox 777 1531 956 1598; x_wconf 83' lang='lat' dir='ltr'>Maiestatis</span> <span class='ocrx_word' id='word_1_87' title='bbox 972 1551 1050 1599; x_wconf 90' lang='lat' dir='ltr'>suae</span> <span class='ocrx_word' id='word_1_88' title='bbox 1065 1535 1199 1600; x_wconf 89' lang='lat' dir='ltr'>honosa</span> <span class='ocrx_word' id='word_1_89' title='bbox 1224 1534 1316 1599; x_wconf 89' lang='lat' dir='ltr'>malis</span> 
     </span>
     <span class='ocr_line' id='line_1_12' title="bbox 126 1632 1317 1719; baseline 0.004 -21"><span class='ocrx_word' id='word_1_90' title='bbox 126 1632 217 1699; x_wconf 81' lang='lat' dir='ltr'>velut</span> <span class='ocrx_word' id='word_1_91' title='bbox 238 1653 314 1701; x_wconf 83' lang='lat' dir='ltr'>oves</span> <span class='ocrx_word' id='word_1_92' title='bbox 336 1635 376 1701; x_wconf 89' lang='lat' dir='ltr'>ab</span> <span class='ocrx_word' id='word_1_93' title='bbox 394 1635 506 1702; x_wconf 91' lang='lat' dir='ltr'>hoedis</span> <span class='ocrx_word' id='word_1_94' title='bbox 529 1654 699 1719; x_wconf 88' lang='lat' dir='ltr'>segregans</span> <span class='ocrx_word' id='word_1_95' title='bbox 721 1637 889 1704; x_wconf 88' lang='lat' dir='ltr'>duodecim</span> <span class='ocrx_word' id='word_1_96' title='bbox 910 1637 1012 1704; x_wconf 88' lang='lat' dir='ltr'>tribus</span> <span class='ocrx_word' id='word_1_97' title='bbox 1032 1638 1133 1704; x_wconf 91' lang='lat' dir='ltr'>Israel</span> <span class='ocrx_word' id='word_1_98' title='bbox 1154 1637 1317 1718; x_wconf 88' lang='lat' dir='ltr'>indicabit,</span> 
     </span>
     <span class='ocr_line' id='line_1_13' title="bbox 120 1740 1315 1826; baseline 0.003 -23"><span class='ocrx_word' id='word_1_99' title='bbox 120 1740 309 1820; x_wconf 86' lang='lat' dir='ltr'>praevenire</span> <span class='ocrx_word' id='word_1_100' title='bbox 319 1740 382 1824; x_wconf 92' lang='lat' dir='ltr'>piis</span> <span class='ocrx_word' id='word_1_101' title='bbox 398 1745 431 1806; x_wconf 92' lang='lat' dir='ltr'>et</span> <span class='ocrx_word' id='word_1_102' title='bbox 440 1741 532 1808; x_wconf 91' lang='lat' dir='ltr'>bonis</span> <span class='ocrx_word' id='word_1_103' title='bbox 543 1741 693 1825; x_wconf 90' lang='lat' dir='ltr'>operibus</span> <span class='ocrx_word' id='word_1_104' title='bbox 704 1747 737 1807; x_wconf 92' lang='lat' dir='ltr'>et</span> <span class='ocrx_word' id='word_1_105' title='bbox 752 1742 961 1824; x_wconf 67' lang='lat' dir='ltr'>eleemosinis</span> <span class='ocrx_word' id='word_1_106' title='bbox 977 1761 1035 1825; x_wconf 88' lang='lat' dir='ltr'>per</span> <span class='ocrx_word' id='word_1_107' title='bbox 1049 1760 1128 1826; x_wconf 90' lang='lat' dir='ltr'>quas</span> <span class='ocrx_word' id='word_1_108' title='bbox 1145 1740 1181 1808; x_wconf 92' lang='lat' dir='ltr'>fit</span> <span class='ocrx_word' id='word_1_109' title='bbox 1195 1742 1315 1808; x_wconf 91' lang='lat' dir='ltr'>ablutio</span> 
     </span>
     <span class='ocr_line' id='line_1_14' title="bbox 119 1843 1316 1930; baseline 0.002 -20"><span class='ocrx_word' id='word_1_110' title='bbox 119 1843 278 1910; x_wconf 90' lang='lat' dir='ltr'>scelerum</span> <span class='ocrx_word' id='word_1_111' title='bbox 301 1849 334 1911; x_wconf 91' lang='lat' dir='ltr'>et</span> <span class='ocrx_word' id='word_1_112' title='bbox 355 1850 464 1912; x_wconf 89' lang='lat' dir='ltr'>contra</span> <span class='ocrx_word' id='word_1_113' title='bbox 485 1847 590 1913; x_wconf 94' lang='lat' dir='ltr'>omnia</span> <span class='ocrx_word' id='word_1_114' title='bbox 610 1846 721 1912; x_wconf 93' lang='lat' dir='ltr'>mundi</span> <span class='ocrx_word' id='word_1_115' title='bbox 741 1847 884 1930; x_wconf 90' lang='lat' dir='ltr'>pericula</span> <span class='ocrx_word' id='word_1_116' title='bbox 904 1843 1146 1927; x_wconf 90' lang='lat' dir='ltr'>firmamentum,</span> <span class='ocrx_word' id='word_1_117' title='bbox 1179 1865 1316 1912; x_wconf 91' lang='lat' dir='ltr'>summo-</span> 
     </span>
     <span class='ocr_line' id='line_1_15' title="bbox 119 1951 1313 2034; baseline 0.003 -22"><span class='ocrx_word' id='word_1_118' title='bbox 119 1966 199 2031; x_wconf 85' lang='lat' dir='ltr'>pere</span> <span class='ocrx_word' id='word_1_119' title='bbox 228 1951 399 2034; x_wconf 89' lang='lat' dir='ltr'>oupientes,</span> <span class='ocrx_word' id='word_1_120' title='bbox 422 1955 460 2017; x_wconf 92' lang='lat' dir='ltr'>nt</span> <span class='ocrx_word' id='word_1_121' title='bbox 487 1951 575 2017; x_wconf 92' lang='lat' dir='ltr'>Deus</span> <span class='ocrx_word' id='word_1_122' title='bbox 604 1951 768 2032; x_wconf 85' lang='lat' dir='ltr'>abstergat</span> <span class='ocrx_word' id='word_1_123' title='bbox 795 1968 920 2016; x_wconf 92' lang='lat' dir='ltr'>omnem</span> <span class='ocrx_word' id='word_1_124' title='bbox 949 1951 1120 2034; x_wconf 79' lang='lat' dir='ltr'>lacrymam</span> <span class='ocrx_word' id='word_1_125' title='bbox 1149 1951 1189 2017; x_wconf 92' lang='lat' dir='ltr'>ab</span> <span class='ocrx_word' id='word_1_126' title='bbox 1213 1951 1313 2016; x_wconf 91' lang='lat' dir='ltr'>oculis</span> 
     </span>
     <span class='ocr_line' id='line_1_16' title="bbox 118 2051 1314 2138; baseline 0.003 -22"><span class='ocrx_word' id='word_1_127' title='bbox 118 2051 247 2119; x_wconf 86' lang='lat' dir='ltr'>Nostris</span> <span class='ocrx_word' id='word_1_128' title='bbox 276 2058 309 2120; x_wconf 91' lang='lat' dir='ltr'>et</span> <span class='ocrx_word' id='word_1_129' title='bbox 336 2073 400 2120; x_wconf 93' lang='lat' dir='ltr'>non</span> <span class='ocrx_word' id='word_1_130' title='bbox 429 2055 472 2120; x_wconf 90' lang='lat' dir='ltr'>sit</span> <span class='ocrx_word' id='word_1_131' title='bbox 492 2053 592 2120; x_wconf 92' lang='lat' dir='ltr'>Nobis</span> <span class='ocrx_word' id='word_1_132' title='bbox 620 2055 725 2120; x_wconf 91' lang='lat' dir='ltr'>luctus</span> <span class='ocrx_word' id='word_1_133' title='bbox 754 2054 895 2135; x_wconf 88' lang='lat' dir='ltr'>ulterior,</span> <span class='ocrx_word' id='word_1_134' title='bbox 925 2072 1030 2136; x_wconf 91' lang='lat' dir='ltr'>neque</span> <span class='ocrx_word' id='word_1_135' title='bbox 1053 2054 1181 2137; x_wconf 88' lang='lat' dir='ltr'>clamor,</span> <span class='ocrx_word' id='word_1_136' title='bbox 1211 2074 1314 2138; x_wconf 90' lang='lat' dir='ltr'>neque</span> 
     </span>
     <span class='ocr_line' id='line_1_17' title="bbox 118 2156 1315 2243; baseline 0.003 -22"><span class='ocrx_word' id='word_1_137' title='bbox 118 2156 205 2224; x_wconf 89' lang='lat' dir='ltr'>ullus</span> <span class='ocrx_word' id='word_1_138' title='bbox 243 2159 430 2227; x_wconf 88' lang='lat' dir='ltr'>damnabilis</span> <span class='ocrx_word' id='word_1_139' title='bbox 467 2178 548 2243; x_wconf 90' lang='lat' dir='ltr'>pene</span> <span class='ocrx_word' id='word_1_140' title='bbox 588 2159 687 2240; x_wconf 91' lang='lat' dir='ltr'>dolor,</span> <span class='ocrx_word' id='word_1_141' title='bbox 731 2158 924 2224; x_wconf 88' lang='lat' dir='ltr'>transitoriis</span> <span class='ocrx_word' id='word_1_142' title='bbox 966 2159 999 2224; x_wconf 90' lang='lat' dir='ltr'>in</span> <span class='ocrx_word' id='word_1_143' title='bbox 1039 2163 1194 2243; x_wconf 91' lang='lat' dir='ltr'>perpetua</span> <span class='ocrx_word' id='word_1_144' title='bbox 1229 2158 1315 2224; x_wconf 87' lang='lat' dir='ltr'>felici</span> 
     </span>
     <span class='ocr_line' id='line_1_18' title="bbox 119 2251 1330 2345; baseline 0.001 -19"><span class='ocrx_word' id='word_1_145' title='bbox 119 2264 307 2330; x_wconf 90' lang='lat' dir='ltr'>commercio</span> <span class='ocrx_word' id='word_1_146' title='bbox 337 2260 547 2345; x_wconf 86' lang='lat' dir='ltr'>commutatis,</span> <span class='ocrx_word' id='word_1_147' title='bbox 578 2265 620 2330; x_wconf 91' lang='lat' dir='ltr'>ad</span> <span class='ocrx_word' id='word_1_148' title='bbox 649 2265 844 2330; x_wconf 89' lang='lat' dir='ltr'>dotationem</span> <span class='ocrx_word' id='word_1_149' title='bbox 874 2267 907 2330; x_wconf 89' lang='lat' dir='ltr'>et</span> <span class='ocrx_word' id='word_1_150' title='bbox 935 2261 1152 2329; x_wconf 83' lang='lat' dir='ltr'>fundationem</span> <span class='ocrx_word' id='word_1_151' title='bbox 1177 2251 1330 2345; x_wconf 87' lang='lat' dir='ltr'>praefati</span> 
     </span>
     <span class='ocr_line' id='line_1_19' title="bbox 117 2368 1313 2452; baseline 0 -20"><span class='ocrx_word' id='word_1_152' title='bbox 117 2369 312 2449; x_wconf 88' lang='lat' dir='ltr'>monasterii,</span> <span class='ocrx_word' id='word_1_153' title='bbox 347 2369 682 2452; x_wconf 85' lang='lat' dir='ltr'>sustentationemque,</span> <span class='ocrx_word' id='word_1_154' title='bbox 712 2387 804 2434; x_wconf 93' lang='lat' dir='ltr'>usum</span> <span class='ocrx_word' id='word_1_155' title='bbox 835 2371 868 2433; x_wconf 93' lang='lat' dir='ltr'>et</span> <span class='ocrx_word' id='word_1_156' title='bbox 898 2385 978 2451; x_wconf 91' lang='lat' dir='ltr'>opus</span> <span class='ocrx_word' id='word_1_157' title='bbox 1004 2368 1160 2433; x_wconf 89' lang='lat' dir='ltr'>dictonrm</span> <span class='ocrx_word' id='word_1_158' title='bbox 1189 2368 1313 2434; x_wconf 87' lang='lat' dir='ltr'>abbatis</span> 
     </span>
     <span class='ocr_line' id='line_1_20' title="bbox 116 2471 1310 2555; baseline 0.001 -20"><span class='ocrx_word' id='word_1_159' title='bbox 116 2475 151 2536; x_wconf 92' lang='lat' dir='ltr'>et</span> <span class='ocrx_word' id='word_1_160' title='bbox 165 2471 298 2539; x_wconf 84' lang='lat' dir='ltr'>fratrum</span> <span class='ocrx_word' id='word_1_161' title='bbox 311 2473 431 2541; x_wconf 90' lang='lat' dir='ltr'>ibidem</span> <span class='ocrx_word' id='word_1_162' title='bbox 445 2473 486 2538; x_wconf 93' lang='lat' dir='ltr'>de</span> <span class='ocrx_word' id='word_1_163' title='bbox 500 2491 581 2541; x_wconf 89' lang='lat' dir='ltr'>novo</span> <span class='ocrx_word' id='word_1_164' title='bbox 595 2472 861 2539; x_wconf 89' lang='lat' dir='ltr'>instituendorum</span> <span class='ocrx_word' id='word_1_165' title='bbox 875 2489 1066 2555; x_wconf 86' lang='lat' dir='ltr'>suorumque</span> <span class='ocrx_word' id='word_1_166' title='bbox 1081 2490 1310 2552; x_wconf 89' lang='lat' dir='ltr'>successorum,</span> 
     </span>
     <span class='ocr_line' id='line_1_21' title="bbox 115 2559 1310 2660; baseline -0.001 -19"><span class='ocrx_word' id='word_1_167' title='bbox 115 2581 153 2642; x_wconf 89' lang='lat' dir='ltr'>ut</span> <span class='ocrx_word' id='word_1_168' title='bbox 174 2578 376 2660; x_wconf 84' lang='lat' dir='ltr'>praedicitur,</span> <span class='ocrx_word' id='word_1_169' title='bbox 410 2559 663 2660; x_wconf 87' lang='lat' dir='ltr'>inperpetuum</span> <span class='ocrx_word' id='word_1_170' title='bbox 691 2576 774 2643; x_wconf 86' lang='lat' dir='ltr'>infra</span> <span class='ocrx_word' id='word_1_171' title='bbox 803 2577 938 2659; x_wconf 88' lang='lat' dir='ltr'>scriptos</span> <span class='ocrx_word' id='word_1_172' title='bbox 964 2575 1118 2657; x_wconf 90' lang='lat' dir='ltr'>redditus,</span> <span class='ocrx_word' id='word_1_173' title='bbox 1149 2576 1310 2656; x_wconf 90' lang='lat' dir='ltr'>allodium,</span> 
     </span>
     <span class='ocr_line' id='line_1_22' title="bbox 113 2680 1311 2765; baseline -0.004 -17"><span class='ocrx_word' id='word_1_174' title='bbox 113 2686 261 2750; x_wconf 90' lang='lat' dir='ltr'>araturas</span> <span class='ocrx_word' id='word_1_175' title='bbox 290 2687 323 2750; x_wconf 89' lang='lat' dir='ltr'>et</span> <span class='ocrx_word' id='word_1_176' title='bbox 345 2686 460 2764; x_wconf 88' lang='lat' dir='ltr'>cetera,</span> <span class='ocrx_word' id='word_1_177' title='bbox 483 2701 565 2765; x_wconf 91' lang='lat' dir='ltr'>quae</span> <span class='ocrx_word' id='word_1_178' title='bbox 586 2681 722 2748; x_wconf 89' lang='lat' dir='ltr'>Nostrae</span> <span class='ocrx_word' id='word_1_179' title='bbox 744 2685 929 2764; x_wconf 87' lang='lat' dir='ltr'>praesentes</span> <span class='ocrx_word' id='word_1_180' title='bbox 952 2680 1121 2762; x_wconf 90' lang='lat' dir='ltr'>continent,</span> <span class='ocrx_word' id='word_1_181' title='bbox 1145 2699 1208 2746; x_wconf 90' lang='lat' dir='ltr'>una</span> <span class='ocrx_word' id='word_1_182' title='bbox 1239 2699 1311 2744; x_wconf 91' lang='lat' dir='ltr'>cum</span> 
     </span>
     <span class='ocr_line' id='line_1_23' title="bbox 113 2785 1310 2872; baseline -0.002 -21"><span class='ocrx_word' id='word_1_183' title='bbox 113 2785 202 2852; x_wconf 89' lang='lat' dir='ltr'>dicta</span> <span class='ocrx_word' id='word_1_184' title='bbox 223 2787 397 2872; x_wconf 86' lang='lat' dir='ltr'>parochiali</span> <span class='ocrx_word' id='word_1_185' title='bbox 419 2787 564 2871; x_wconf 88' lang='lat' dir='ltr'>ecclesia,</span> <span class='ocrx_word' id='word_1_186' title='bbox 587 2787 628 2852; x_wconf 96' lang='lat' dir='ltr'>de</span> <span class='ocrx_word' id='word_1_187' title='bbox 649 2785 769 2852; x_wconf 90' lang='lat' dir='ltr'>Nostra</span> <span class='ocrx_word' id='word_1_188' title='bbox 789 2787 980 2853; x_wconf 88' lang='lat' dir='ltr'>auctoritate</span> <span class='ocrx_word' id='word_1_189' title='bbox 995 2786 1083 2868; x_wconf 78' lang='lat' dir='ltr'>regIa</span> <span class='ocrx_word' id='word_1_190' title='bbox 1104 2789 1137 2850; x_wconf 94' lang='lat' dir='ltr'>et</span> <span class='ocrx_word' id='word_1_191' title='bbox 1160 2805 1199 2851; x_wconf 90' lang='lat' dir='ltr'>ex</span> <span class='ocrx_word' id='word_1_192' title='bbox 1225 2788 1310 2850; x_wconf 89' lang='lat' dir='ltr'>certa</span> 
     </span>
     <span class='ocr_line' id='line_1_24' title="bbox 112 2889 1311 2984; baseline -0.003 -28"><span class='ocrx_word' id='word_1_193' title='bbox 112 2891 248 2957; x_wconf 88' lang='lat' dir='ltr'>scientia</span> <span class='ocrx_word' id='word_1_194' title='bbox 268 2889 446 2958; x_wconf 84' lang='lat' dir='ltr'>liberaliter</span> <span class='ocrx_word' id='word_1_195' title='bbox 464 2890 586 2972; x_wconf 85' lang='lat' dir='ltr'>damna,</span> <span class='ocrx_word' id='word_1_196' title='bbox 621 2891 784 2972; x_wconf 90' lang='lat' dir='ltr'>donamus,</span> <span class='ocrx_word' id='word_1_197' title='bbox 816 2891 1027 2984; x_wconf 84' lang='lat' dir='ltr'>concedimus,</span> <span class='ocrx_word' id='word_1_198' title='bbox 1060 2889 1250 2954; x_wconf 89' lang='lat' dir='ltr'>conferimus</span> <span class='ocrx_word' id='word_1_199' title='bbox 1278 2893 1311 2955; x_wconf 92' lang='lat' dir='ltr'>et</span> 
     </span>
     <span class='ocr_line' id='line_1_25' title="bbox 111 2979 1348 3079; baseline -0.003 -18"><span class='ocrx_word' id='word_1_200' title='bbox 111 2997 313 3078; x_wconf 85' lang='lat' dir='ltr'>assignamus</span> <span class='ocrx_word' id='word_1_201' title='bbox 328 3001 361 3062; x_wconf 89' lang='lat' dir='ltr'>et</span> <span class='ocrx_word' id='word_1_202' title='bbox 382 3016 462 3079; x_wconf 88' lang='lat' dir='ltr'>pure</span> <span class='ocrx_word' id='word_1_203' title='bbox 480 3015 519 3062; x_wconf 92' lang='lat' dir='ltr'>ac</span> <span class='ocrx_word' id='word_1_204' title='bbox 534 2996 721 3078; x_wconf 89' lang='lat' dir='ltr'>simpliciter</span> <span class='ocrx_word' id='word_1_205' title='bbox 734 3000 845 3060; x_wconf 90' lang='lat' dir='ltr'>tenore</span> <span class='ocrx_word' id='word_1_206' title='bbox 859 2995 1075 3077; x_wconf 90' lang='lat' dir='ltr'>praesentium</span> <span class='ocrx_word' id='word_1_207' title='bbox 1089 2992 1309 3059; x_wconf 88' lang='lat' dir='ltr'>transferimus</span> <span class='ocrx_word' id='word_1_208' title='bbox 1343 2979 1348 2988; x_wconf 17' lang='grc' dir='ltr'><strong>Χ</strong></span> 
     </span>
     <span class='ocr_line' id='line_1_26' title="bbox 109 3098 1310 3183; baseline -0.003 -17"><span class='ocrx_word' id='word_1_209' title='bbox 109 3100 146 3166; x_wconf 89' lang='lat' dir='ltr'>in</span> <span class='ocrx_word' id='word_1_210' title='bbox 180 3101 317 3183; x_wconf 90' lang='lat' dir='ltr'>eosdem,</span> <span class='ocrx_word' id='word_1_211' title='bbox 352 3105 389 3166; x_wconf 92' lang='lat' dir='ltr'>nt</span> <span class='ocrx_word' id='word_1_212' title='bbox 422 3100 563 3183; x_wconf 87' lang='lat' dir='ltr'>ipsorum</span> <span class='ocrx_word' id='word_1_213' title='bbox 585 3099 709 3166; x_wconf 89' lang='lat' dir='ltr'>abbatis</span> <span class='ocrx_word' id='word_1_214' title='bbox 736 3103 769 3164; x_wconf 95' lang='lat' dir='ltr'>et</span> <span class='ocrx_word' id='word_1_215' title='bbox 796 3099 930 3164; x_wconf 86' lang='lat' dir='ltr'>fratrum</span> <span class='ocrx_word' id='word_1_216' title='bbox 959 3099 1191 3179; x_wconf 91' lang='lat' dir='ltr'>modernorum,</span> <span class='ocrx_word' id='word_1_217' title='bbox 1224 3098 1310 3179; x_wconf 89' lang='lat' dir='ltr'>ipso-</span> 
     </span>
     <span class='ocr_line' id='line_1_27' title="bbox 109 3201 1308 3291; baseline -0.001 -22"><span class='ocrx_word' id='word_1_218' title='bbox 109 3224 246 3291; x_wconf 86' lang='lat' dir='ltr'>rumque</span> <span class='ocrx_word' id='word_1_219' title='bbox 275 3223 494 3273; x_wconf 90' lang='lat' dir='ltr'>successorum</span> <span class='ocrx_word' id='word_1_220' title='bbox 527 3206 684 3272; x_wconf 90' lang='lat' dir='ltr'>orationes</span> <span class='ocrx_word' id='word_1_221' title='bbox 718 3209 758 3285; x_wconf 68' lang='lat' dir='ltr'>et⁴</span> <span class='ocrx_word' id='word_1_222' title='bbox 781 3203 932 3286; x_wconf 86' lang='lat' dir='ltr'>suffragia</span> <span class='ocrx_word' id='word_1_223' title='bbox 961 3222 1018 3287; x_wconf 89' lang='lat' dir='ltr'>pro</span> <span class='ocrx_word' id='word_1_224' title='bbox 1049 3201 1159 3284; x_wconf 84' lang='lat' dir='ltr'>Nobis,</span> <span class='ocrx_word' id='word_1_225' title='bbox 1191 3203 1308 3268; x_wconf 81' lang='lat' dir='ltr'>illustri</span> 
     </span>
     <span class='ocr_line' id='line_1_28' title="bbox 108 3308 1307 3390; baseline -0.002 -15"><span class='ocrx_word' id='word_1_226' title='bbox 108 3308 266 3376; x_wconf 90' lang='lat' dir='ltr'>Blanchia</span> <span class='ocrx_word' id='word_1_227' title='bbox 288 3315 432 3377; x_wconf 87' lang='lat' dir='ltr'>consorte</span> <span class='ocrx_word' id='word_1_228' title='bbox 454 3309 627 3390; x_wconf 87' lang='lat' dir='ltr'>carissima,</span> <span class='ocrx_word' id='word_1_229' title='bbox 650 3309 768 3390; x_wconf 89' lang='lat' dir='ltr'>liberis,</span> <span class='ocrx_word' id='word_1_230' title='bbox 803 3309 1057 3374; x_wconf 87' lang='lat' dir='ltr'>antecessoribus</span> <span class='ocrx_word' id='word_1_231' title='bbox 1089 3312 1121 3373; x_wconf 91' lang='lat' dir='ltr'>et</span> <span class='ocrx_word' id='word_1_232' title='bbox 1144 3325 1307 3374; x_wconf 87' lang='lat' dir='ltr'>suceesso-</span> 
     </span>
     <span class='ocr_line' id='line_1_29' title="bbox 108 3412 1308 3498; baseline -0.002 -18"><span class='ocrx_word' id='word_1_233' title='bbox 108 3415 199 3480; x_wconf 88' lang='lat' dir='ltr'>ribus</span> <span class='ocrx_word' id='word_1_234' title='bbox 224 3412 361 3497; x_wconf 86' lang='lat' dir='ltr'>Nostris,</span> <span class='ocrx_word' id='word_1_235' title='bbox 383 3415 512 3498; x_wconf 90' lang='lat' dir='ltr'>regibus</span> <span class='ocrx_word' id='word_1_236' title='bbox 526 3414 686 3495; x_wconf 88' lang='lat' dir='ltr'>Boemiae,</span> <span class='ocrx_word' id='word_1_237' title='bbox 703 3418 853 3496; x_wconf 89' lang='lat' dir='ltr'>statuque</span> <span class='ocrx_word' id='word_1_238' title='bbox 875 3413 960 3479; x_wconf 88' lang='lat' dir='ltr'>felici</span> <span class='ocrx_word' id='word_1_239' title='bbox 975 3413 1078 3497; x_wconf 88' lang='lat' dir='ltr'>Regni</span> <span class='ocrx_word' id='word_1_240' title='bbox 1097 3414 1208 3497; x_wconf 84' lang='lat' dir='ltr'>ipsius,</span> <span class='ocrx_word' id='word_1_241' title='bbox 1233 3432 1308 3496; x_wconf 87' lang='lat' dir='ltr'>erga</span> 
     </span>
     <span class='ocr_line' id='line_1_30' title="bbox 106 3519 1030 3602; baseline 0 -16"><span class='ocrx_word' id='word_1_242' title='bbox 106 3519 230 3602; x_wconf 88' lang='lat' dir='ltr'>Regem</span> <span class='ocrx_word' id='word_1_243' title='bbox 252 3521 412 3587; x_wconf 92' lang='lat' dir='ltr'>coelorum</span> <span class='ocrx_word' id='word_1_244' title='bbox 434 3525 467 3586; x_wconf 93' lang='lat' dir='ltr'>et</span> <span class='ocrx_word' id='word_1_245' title='bbox 488 3520 659 3586; x_wconf 92' lang='lat' dir='ltr'>Dominum</span> <span class='ocrx_word' id='word_1_246' title='bbox 681 3519 798 3601; x_wconf 90' lang='lat' dir='ltr'>iugiter</span> <span class='ocrx_word' id='word_1_247' title='bbox 825 3519 1030 3586; x_wconf 89' lang='lat' dir='ltr'>intercedant.</span> 
     </span>
    </p>
   </div>
   <div class='ocr_carea' id='block_1_4' title="bbox 103 3675 1305 4073">
    <p class='ocr_par' dir='ltr' id='par_1_4' title="bbox 103 3675 1305 4073">
     <span class='ocr_line' id='line_1_31' title="bbox 213 3675 1305 3761; baseline -0.001 -16"><span class='ocrx_word' id='word_1_248' title='bbox 213 3675 303 3745; x_wconf 92' lang='lat' dir='ltr'>Haec</span> <span class='ocrx_word' id='word_1_249' title='bbox 313 3678 412 3761; x_wconf 88' lang='lat' dir='ltr'>igitur</span> <span class='ocrx_word' id='word_1_250' title='bbox 423 3682 498 3744; x_wconf 91' lang='lat' dir='ltr'>sunt</span> <span class='ocrx_word' id='word_1_251' title='bbox 512 3678 628 3743; x_wconf 88' lang='lat' dir='ltr'>donata</span> <span class='ocrx_word' id='word_1_252' title='bbox 643 3681 677 3742; x_wconf 93' lang='lat' dir='ltr'>et</span> <span class='ocrx_word' id='word_1_253' title='bbox 690 3676 869 3757; x_wconf 90' lang='lat' dir='ltr'>assignata:</span> <span class='ocrx_word' id='word_1_254' title='bbox 885 3675 992 3741; x_wconf 90' lang='lat' dir='ltr'>Primo</span> <span class='ocrx_word' id='word_1_255' title='bbox 1009 3675 1168 3742; x_wconf 84' lang='lat' dir='ltr'>sexdecim</span> <span class='ocrx_word' id='word_1_256' title='bbox 1178 3695 1305 3744; x_wconf 89' lang='lat' dir='ltr'>marcae</span> 
     </span>
     <span class='ocr_line' id='line_1_32' title="bbox 106 3780 1305 3871; baseline -0.003 -22"><span class='ocrx_word' id='word_1_257' title='bbox 106 3801 291 3871; x_wconf 85' lang='lat' dir='ltr'>grossorum</span> <span class='ocrx_word' id='word_1_258' title='bbox 303 3783 503 3849; x_wconf 90' lang='lat' dir='ltr'>denariorum</span> <span class='ocrx_word' id='word_1_259' title='bbox 513 3781 720 3864; x_wconf 88' lang='lat' dir='ltr'>Pragensium</span> <span class='ocrx_word' id='word_1_260' title='bbox 732 3780 829 3845; x_wconf 91' lang='lat' dir='ltr'>annui</span> <span class='ocrx_word' id='word_1_261' title='bbox 841 3783 874 3845; x_wconf 90' lang='lat' dir='ltr'>et</span> <span class='ocrx_word' id='word_1_262' title='bbox 888 3781 1034 3863; x_wconf 87' lang='lat' dir='ltr'>perpetui</span> <span class='ocrx_word' id='word_1_263' title='bbox 1047 3780 1192 3846; x_wconf 90' lang='lat' dir='ltr'>redditus</span> <span class='ocrx_word' id='word_1_264' title='bbox 1208 3800 1305 3864; x_wconf 90' lang='lat' dir='ltr'>supra</span> 
     </span>
     <span class='ocr_line' id='line_1_33' title="bbox 103 3884 1303 3969; baseline -0.004 -13"><span class='ocrx_word' id='word_1_265' title='bbox 103 3890 239 3956; x_wconf 89' lang='lat' dir='ltr'>macella</span> <span class='ocrx_word' id='word_1_266' title='bbox 261 3889 403 3954; x_wconf 91' lang='lat' dir='ltr'>carnium</span> <span class='ocrx_word' id='word_1_267' title='bbox 425 3887 557 3953; x_wconf 86' lang='lat' dir='ltr'>Minoris</span> <span class='ocrx_word' id='word_1_268' title='bbox 580 3885 719 3953; x_wconf 80' lang='lat' dir='ltr'>civitatis</span> <span class='ocrx_word' id='word_1_269' title='bbox 740 3884 910 3968; x_wconf 90' lang='lat' dir='ltr'>Prageusis</span> <span class='ocrx_word' id='word_1_270' title='bbox 937 3903 1018 3950; x_wconf 90' lang='lat' dir='ltr'>anno</span> <span class='ocrx_word' id='word_1_271' title='bbox 1041 3885 1184 3967; x_wconf 90' lang='lat' dir='ltr'>quolibet</span> <span class='ocrx_word' id='word_1_272' title='bbox 1214 3887 1303 3969; x_wconf 92' lang='lat' dir='ltr'>capi-</span> 
     </span>
     <span class='ocr_line' id='line_1_34' title="bbox 104 3990 1304 4073; baseline -0.004 -12"><span class='ocrx_word' id='word_1_273' title='bbox 104 3995 276 4073; x_wconf 83' lang='lat' dir='ltr'>endorum3</span> <span class='ocrx_word' id='word_1_274' title='bbox 307 3991 384 4058; x_wconf 89' lang='lat' dir='ltr'>item</span> <span class='ocrx_word' id='word_1_275' title='bbox 406 3992 439 4058; x_wconf 90' lang='lat' dir='ltr'>in</span> <span class='ocrx_word' id='word_1_276' title='bbox 468 3991 545 4066; x_wconf 88' lang='lat' dir='ltr'>villa</span> <span class='ocrx_word' id='word_1_277' title='bbox 569 3990 674 4058; x_wconf 82' lang='lat' dir='ltr'>Gener</span> <span class='ocrx_word' id='word_1_278' title='bbox 703 3990 834 4071; x_wconf 90' lang='lat' dir='ltr'>triginta</span> <span class='ocrx_word' id='word_1_279' title='bbox 863 3993 929 4055; x_wconf 91' lang='lat' dir='ltr'>tres</span> <span class='ocrx_word' id='word_1_280' title='bbox 959 4007 1103 4069; x_wconf 91' lang='lat' dir='ltr'>marcae;</span> <span class='ocrx_word' id='word_1_281' title='bbox 1127 3990 1204 4055; x_wconf 93' lang='lat' dir='ltr'>item</span> <span class='ocrx_word' id='word_1_282' title='bbox 1227 3991 1304 4058; x_wconf 90' lang='lat' dir='ltr'>allo·</span> 
     </span>
    </p>
   </div>
   <div class='ocr_carea' id='block_1_5' title="bbox 97 4093 1304 4496">
    <p class='ocr_par' dir='ltr' id='par_1_5' title="bbox 97 4093 1304 4496">
     <span class='ocr_line' id='line_1_35' title="bbox 101 4093 1301 4189; baseline -0.004 -23"><span class='ocrx_word' id='word_1_283' title='bbox 101 4100 194 4166; x_wconf 91' lang='lat' dir='ltr'>dium</span> <span class='ocrx_word' id='word_1_284' title='bbox 216 4116 273 4164; x_wconf 91' lang='lat' dir='ltr'>seu</span> <span class='ocrx_word' id='word_1_285' title='bbox 295 4097 384 4162; x_wconf 88' lang='lat' dir='ltr'>curia</span> <span class='ocrx_word' id='word_1_286' title='bbox 405 4096 439 4160; x_wconf 94' lang='lat' dir='ltr'>in</span> <span class='ocrx_word' id='word_1_287' title='bbox 460 4094 537 4162; x_wconf 85' lang='lat' dir='ltr'>villa</span> <span class='ocrx_word' id='word_1_288' title='bbox 550 4093 682 4160; x_wconf 87' lang='lat' dir='ltr'>Wallew</span> <span class='ocrx_word' id='word_1_289' title='bbox 705 4112 776 4158; x_wconf 88' lang='lat' dir='ltr'>cum</span> <span class='ocrx_word' id='word_1_290' title='bbox 790 4097 920 4159; x_wconf 87' lang='lat' dir='ltr'>aratura</span> <span class='ocrx_word' id='word_1_291' title='bbox 949 4098 982 4158; x_wconf 92' lang='lat' dir='ltr'>et</span> <span class='ocrx_word' id='word_1_292' title='bbox 997 4098 1134 4176; x_wconf 89' lang='lat' dir='ltr'>quatuor</span> <span class='ocrx_word' id='word_1_293' title='bbox 1147 4094 1301 4189; x_wconf 79' lang='lat' dir='ltr'>marchis3</span> 
     </span>
     <span class='ocr_line' id='line_1_36' title="bbox 103 4198 1302 4283; baseline -0.005 -13"><span class='ocrx_word' id='word_1_294' title='bbox 103 4207 183 4270; x_wconf 91' lang='lat' dir='ltr'>item</span> <span class='ocrx_word' id='word_1_295' title='bbox 217 4203 336 4268; x_wconf 90' lang='lat' dir='ltr'>dictam</span> <span class='ocrx_word' id='word_1_296' title='bbox 364 4199 531 4267; x_wconf 88' lang='lat' dir='ltr'>ecclesiam</span> <span class='ocrx_word' id='word_1_297' title='bbox 562 4198 775 4283; x_wconf 89' lang='lat' dir='ltr'>parochialem</span> <span class='ocrx_word' id='word_1_298' title='bbox 815 4217 877 4263; x_wconf 90' lang='lat' dir='ltr'>una</span> <span class='ocrx_word' id='word_1_299' title='bbox 912 4216 982 4263; x_wconf 89' lang='lat' dir='ltr'>cum</span> <span class='ocrx_word' id='word_1_300' title='bbox 1013 4203 1149 4280; x_wconf 90' lang='lat' dir='ltr'>quatuor</span> <span class='ocrx_word' id='word_1_301' title='bbox 1188 4199 1302 4265; x_wconf 92' lang='lat' dir='ltr'>marcis</span> 
     </span>
     <span class='ocr_line' id='line_1_37' title="bbox 97 4302 1299 4386; baseline -0.004 -12"><span class='ocrx_word' id='word_1_302' title='bbox 97 4309 261 4376; x_wconf 87' lang='lat' dir='ltr'>redituum</span> <span class='ocrx_word' id='word_1_303' title='bbox 283 4311 357 4374; x_wconf 90' lang='lat' dir='ltr'>ante</span> <span class='ocrx_word' id='word_1_304' title='bbox 378 4303 559 4370; x_wconf 90' lang='lat' dir='ltr'>huiusmodi</span> <span class='ocrx_word' id='word_1_305' title='bbox 582 4304 772 4369; x_wconf 89' lang='lat' dir='ltr'>erectionem</span> <span class='ocrx_word' id='word_1_306' title='bbox 794 4303 1011 4385; x_wconf 85' lang='lat' dir='ltr'>spectantibus</span> <span class='ocrx_word' id='word_1_307' title='bbox 1027 4303 1068 4368; x_wconf 88' lang='lat' dir='ltr'>ad</span> <span class='ocrx_word' id='word_1_308' title='bbox 1084 4302 1299 4386; x_wconf 89' lang='lat' dir='ltr'>parochialem</span> 
     </span>
     <span class='ocr_line' id='line_1_38' title="bbox 105 4407 1304 4496; baseline -0.004 -17"><span class='ocrx_word' id='word_1_309' title='bbox 105 4413 280 4480; x_wconf 88' lang='lat' dir='ltr'>ecclesiam</span> <span class='ocrx_word' id='word_1_310' title='bbox 302 4412 519 4496; x_wconf 86' lang='lat' dir='ltr'>praelibatam.</span> <span class='ocrx_word' id='word_1_311' title='bbox 542 4409 668 4475; x_wconf 86' lang='lat' dir='ltr'>Nostris</span> <span class='ocrx_word' id='word_1_312' title='bbox 691 4407 870 4474; x_wconf 86' lang='lat' dir='ltr'>indicentes</span> <span class='ocrx_word' id='word_1_313' title='bbox 900 4408 1136 4476; x_wconf 88' lang='lat' dir='ltr'>successoribus</span> <span class='ocrx_word' id='word_1_314' title='bbox 1157 4427 1195 4474; x_wconf 89' lang='lat' dir='ltr'>ao</span> <span class='ocrx_word' id='word_1_315' title='bbox 1217 4409 1304 4493; x_wconf 90' lang='lat' dir='ltr'>ipsos</span> 
     </span>
    </p>
   </div>
   <div class='ocr_carea' id='block_1_6' title="bbox 0 0 1618 5017">
    <p class='ocr_par' dir='ltr' id='par_1_6' title="bbox 0 0 1618 5017">
     <span class='ocr_line' id='line_1_39' title="bbox 0 0 1618 5017; baseline 0 11"><span class='ocrx_word' id='word_1_316' title='bbox 0 0 1618 5017; x_wconf 95' lang='lat' dir='ltr'> </span> 
     </span>
    </p>
   </div>
  </div>
 </body>
</html>
