3225 5017
282 338 334 386 300
718 334 783 404 Cap.
802 333 849 388 IX.
866 333 1046 391 Universitas.
1090 367 1093 374 ·

281 526 378 590 etiam
399 543 511 592 vocum
532 526 714 610 hujusmodi
736 529 902 626 privilegio
925 547 1047 594 exnunc
1070 528 1198 594 inantea
1226 528 1259 594 in
1286 532 1480 612 perpetuum

281 626 412 712 pacifice
433 631 481 694 uti
503 634 536 695 et
557 631 706 713 gaudere.
749 631 852 699 Aliter
873 651 936 698 non
956 631 1080 713 facturi,
1110 636 1205 715 prout
1226 633 1480 716 indignationem

280 733 430 800 Nostram
451 735 670 816 gravissimam
692 737 857 804 volueritis
879 738 998 804 arctius
1021 738 1150 804 evitare.
1318 749 1324 756 ⁴

383 839 502 906 Datum
523 841 557 907 in
580 841 742 909 Montibus
768 842 911 925 Ohutnis.

383 961 467 1028 (Haec
489 962 600 1028 epistola
622 964 695 1032 repis
716 963 846 1029 inempta
863 971 900 1016 cst
923 963 952 1016 ic
969 964 1077 1016 Librum
1096 962 1255 1016 dictatorcm
1278 963 1479 1034 Univerea‘totic,

280 1047 310 1099 ic
321 1047 428 1100 archivo
444 1047 625 1102 universitate
638 1059 804 1104 enecatum.
829 1050 892 1104 ldae
909 1049 1015 1103 Pelaela'c'
1032 1051 1067 1104 K.
1085 1051 1184 1104 Wcozcl
1195 1050 1252 1119 11⁷„
1265 1051 1334 1118 dipl,
1346 1049 1477 1104 OOXVII.

224 1188 225 1191 Ἴ
280 1136 357 1196 1790,
381 1143 405 1187 et
427 1132 488 1188 Ant.
513 1137 665 1206 Fcycrtapa's'
690 1137 855 1204 &mactum
877 1139 1043 1203 antiquorum
1066 1144 1219 1190 statutorum
1241 1136 1329 1192 Studia·
1345 1139 1478 1208 poneretis

279 1219 427 1288 Propero.
452 1225 539 1291 racc.)

384 1342 501 1412 Insuper
527 1343 686 1397 conclusum
712 1352 763 1414 est,
788 1344 863 1413 quod
880 1345 1050 1401 Universitas
1074 1347 1103 1400 in
1126 1352 1254 1415 quatuor
1280 1346 1416 1415 nationes,
1447 1353 1479 1402 ut

279 1429 365 1498 prius,
383 1436 494 1485 maneat
510 1429 598 1485 divisa
616 1437 643 1484 et
660 1430 734 1500 quod
750 1433 827 1486 natio
845 1433 1008 1488 Boemorum
1026 1450 1077 1502 pro
1094 1434 1210 1488 rectoris
1224 1433 1354 1490 electione
1367 1449 1479 1505 semper

280 1531 314 1568 ex
332 1531 363 1570 se
380 1521 436 1570 tres
453 1524 619 1587 praesentet,
636 1518 905 1591 aliaequenationes
923 1537 1007 1576 unum
1030 1525 1146 1575 tantum.
1181 1521 1233 1588 Qui
1251 1521 1384 1576 electores
1404 1521 1428 1576 si
1447 1521 1478 1575 in

280 1602 405 1671 eligendo
421 1621 478 1659 non
495 1604 730 1675 concordaverint,
754 1607 804 1662 sed
828 1608 856 1662 in
883 1607 953 1662 duaa
979 1614 1072 1678 partes
1100 1607 1230 1678 aequales
1256 1606 1336 1662 dirisi
1361 1607 1475 1676 fuerint,
1503 1679 1507 1690 ,

280 1696 381 1744 extunc
397 1699 487 1747 rector
504 1694 643 1763 antiquus,
661 1693 697 1748 ad
714 1696 793 1763 cujus
812 1697 898 1765 partis
916 1695 1075 1751 electionem
1094 1695 1277 1762 declinaverit,
1294 1695 1367 1750 illius
1385 1697 1477 1767 partis

280 1778 382 1834 electus
406 1779 553 1849 accipietur
579 1780 608 1834 in
634 1788 776 1837 rectorem.
811 1783 886 1838 Talis
910 1790 1000 1838 autem
1026 1798 1115 1837 novus
1133 1789 1223 1838 rector
1246 1781 1355 1837 debebit
1375 1783 1404 1838 iu
1423 1799 1478 1838 sua

279 1865 545 1921 recommendatione
556 1868 614 1936 regi
626 1874 655 1922 et
666 1885 750 1938 regno
762 1871 921 1940 promittere
934 1868 1100 1937 fidelitatem,
1113 1869 1183 1924 sicut
1195 1877 1222 1923 et
1234 1871 1346 1940 quilibet
1358 1870 1477 1925 studens

279 1952 352 2006 circa
370 1968 448 2008 auam
465 1953 687 2011 intiurlationem.
722 1947 755 2010 lt.
774 1957 931 2012 conclusum
950 1963 999 2026 est,
1024 1955 1099 2025 quod
1118 1957 1210 2011 omnia
1227 1958 1255 2012 iu
1273 1958 1388 2012 statutis
1407 1957 1477 2012 Uni-

279 2041 417 2095 versitatis
434 2041 478 2096 rel
495 2042 683 2114 cujuscunque
700 2043 839 2099 facultatis
857 2043 1014 2115 praedictae
1037 2044 1144 2100 litterae
1167 2046 1304 2098 contraria
1327 2045 1476 2100 deleantur

280 2142 313 2181 ac
325 2126 408 2194 juxta
424 2129 642 2185 conformitatem
658 2130 766 2186 litterae
783 2133 970 2202 praescriptae
988 2131 1172 2188 reformentur
1189 2139 1217 2188 et
1234 2139 1386 2188 teneantur.

384 2269 435 2337 21.
481 2269 622 2336 Modus
647 2290 779 2338 novus
809 2272 995 2356 eligendi
1024 2278 1229 2340 rectorem
1258 2273 1478 2340 Universi-

279 2375 393 2442 tati's.
438 2373 534 2442 Natio
567 2376 757 2442 Boemorum
782 2376 875 2460 juxta
902 2379 955 2462 jus
979 2397 1070 2446 suum
1093 2383 1126 2446 et
1147 2379 1281 2462 gratiam
1312 2379 1373 2446 sibi
1400 2397 1478 2445 con-

279 2475 403 2547 cessam
424 2481 615 2548 antedictam
646 2483 743 2564 eligat
770 2486 836 2548 tres
860 2501 1034 2568 personam
1066 2485 1148 2551 aliae
1174 2502 1299 2568 quoque
1328 2485 1477 2552 nationes

279 2589 346 2650 tres
367 2586 486 2668 eligent
507 2605 546 2652 en
567 2605 603 2654 se
624 2606 730 2654 unum
776 2587 840 2666 Qui
862 2593 997 2671 quatuor
1018 2592 1186 2654 teneantur
1208 2589 1339 2655 eandem
1362 2589 1475 2655 electi-

280 2708 374 2757 onem
407 2691 548 2774 ipsorum
581 2691 752 2774 suscipere,
793 2691 967 2758 secundum
997 2693 1082 2777 quod
1114 2692 1211 2760 luerit
1239 2713 1259 2759 a
1290 2692 1476 2760 nationibus

279 2793 433 2877 deputati.
462 2795 506 2860 Et
526 2795 609 2863 facto
631 2797 786 2879 promisso
808 2797 938 2882 antiquo
960 2796 1075 2862 rectori
1098 2796 1139 2863 de
1160 2795 1272 2863 fraude
1298 2814 1360 2863 non
1385 2815 1475 2864 com-

279 2899 442 2980 mittenda,
458 2900 515 2966 sed
526 2901 612 2985 quod
621 2901 721 2969 uelint
735 2900 852 2983 eligere
863 2901 967 2968 virum
978 2901 1135 2982 idoneum,
1153 2901 1326 2968 secundum
1338 2901 1475 2969 formam

279 3005 367 3086 prius
383 3004 541 3087 scriptam.
564 3005 608 3071 Et
629 3025 850 3090 quemcunque
870 3007 919 3072 illi
940 3012 1075 3090 quatuor
1089 3007 1141 3073 rel
1156 3006 1257 3091 major
1270 3026 1344 3091 pars
1360 3025 1473 3074 eorum

280 3109 443 3192 elegerint,
473 3110 528 3176 ille
556 3129 613 3193 pro
635 3115 758 3177 rectore
779 3109 1005 3178 Universitatis
1033 3115 1188 3194 teneatur,
1222 3111 1331 3178 Potest
1360 3117 1472 3179 autem

279 3217 383 3279 rector
403 3231 466 3279 non
488 3215 590 3282 solum
612 3215 653 3281 da
674 3217 895 3299 praesentibus
916 3217 949 3282 in
970 3215 1073 3300 Praga
1096 3216 1181 3299 eligi,
1215 3217 1272 3282 sed
1302 3217 1399 3282 etiam
1431 3217 1474 3284 de

280 3319 474 3401 absentibus,
498 3319 666 3387 dummodo
680 3320 709 3386 is
724 3321 779 3403 qui
794 3321 931 3404 eligitur,
944 3323 977 3387 in
987 3319 1253 3404 Pragahabuerit
1263 3320 1473 3400 mansionem,

281 3425 336 3507 qui
369 3421 451 3489 inira
481 3424 560 3491 duas
591 3426 784 3510 septimanas
817 3427 922 3492 redire
953 3425 1121 3506 tenebitur,
1156 3428 1188 3490 et
1213 3425 1305 3508 juxta
1337 3422 1474 3489 lormam

281 3529 427 3611 superius
450 3547 632 3613 expressam
654 3530 793 3598 officium
815 3532 976 3614 suscipere
997 3533 1182 3596 rectoratus.
1212 3528 1255 3595 Et
1277 3531 1361 3610 nota,
1386 3529 1475 3612 quod

279 3632 335 3698 isti
356 3636 492 3717 quatuor
513 3636 666 3703 electores
688 3642 845 3703 rectorem
867 3636 984 3702 debent
1006 3635 1123 3718 eligere
1146 3632 1228 3699 infra
1251 3652 1347 3699 unam
1360 3631 1474 3699 horam

278 3735 442 3820 horologii,
456 3740 524 3817 sub
547 3757 648 3823 poena
671 3741 804 3824 quilibet
826 3739 950 3807 dimidii
972 3736 1090 3806 fioreni.
1118 3737 1239 3818 Quodsi
1251 3755 1314 3804 non
1327 3737 1473 3820 fecerint,

280 3840 414 3924 quilibet
445 3844 548 3912 solvet
580 3844 788 3912 Universitati
822 3865 920 3911 unum
953 3842 1113 3911 florenum.
1161 3843 1194 3910 Si
1227 3861 1302 3910 vero
1336 3843 1473 3926 quisque

278 3947 404 4012 illorum
425 3950 593 4016 recesserit
615 3950 769 4017 electione
790 3969 853 4016 non
874 3949 968 4032 lacta,
991 3948 1172 4016 fideiractor
1190 3951 1364 4030 reputetur.
1387 3947 1473 4012 Item

281 4052 366 4134 quod
388 4055 626 4136 praenominata
646 4055 720 4121 novi
742 4057 875 4121 rectoris
898 4055 1010 4120 electio
1033 4052 1226 4137 peramplius
1251 4052 1360 4118 nonin
1382 4049 1474 4116 festi-

279 4155 431 4223 vitatibus
454 4156 640 4225 Sanctorum
662 4159 792 4242 Georgii
814 4163 871 4225 aut
892 4157 985 4241 Galli,
1016 4158 1074 4225 sed
1102 4158 1246 4242 proxima
1274 4157 1327 4222 die
1356 4155 1473 4223 feriata

282 4262 325 4325 sit
346 4264 420 4344 post
441 4259 557 4330 festum
580 4261 665 4330 Galli
688 4258 885 4330 celebranda.

383 4401 436 4469 22.
458 4402 568 4473 Noua
589 4403 766 4472 formula
784 4403 1013 4488 juramenti
1031 4404 1324 4470 studiosorum.
1345 4399 1415 4484 nge
1430 4398 1470 4468 N.
