3225 5017
648 336 746 384 108
1273 330 1277 336 '
1477 329 1607 399 Cap.
1644 329 1741 383 111.
1778 327 1887 384 Res
1924 328 2206 383 militares:

645 523 936 588 rensibus
983 540 1136 588 voce
1179 522 1554 605 praeconica
1598 520 1976 604 proclamari
2008 520 2273 603 *publice
2316 518 2586 600 faciatiS,
2640 522 2712 583 ut
2754 518 3023 584 universi

645 630 710 692 et
770 627 999 709 singuli
1059 626 1286 695 vasalli
1345 626 1735 708 homagiales
1781 631 1847 690 et
1886 625 2087 692 Nobis
2150 643 2343 708 super
2399 624 2604 706 gratia
2662 623 3022 702 servientes

647 732 756 816 qui
800 735 1012 796 tamen
1054 714 1242 796 feoda
1300 729 1383 822 ad
1406 733 1638 816 ¹castra
1682 729 2066 813 pertinentia
2115 747 2239 794 non
2286 728 2631 812 possident,
2696 746 2888 811 super
2929 727 3025 791 die

644 835 704 901 S.
739 835 907 903 Galli
949 838 1213 901 venturo
1258 835 1566 918 proxime,
1616 834 1734 900 sub
1764 834 2025 900 obtentu
2053 834 2269 916 regiae
2307 833 2552 916 gratiae
2597 837 2663 899 et
2703 832 3026 897 feudorum

645 958 922 1021 suorum,
976 957 1188 1005 coram
1219 938 1422 1005 Nobis
1465 938 1730 1020 Pragae‚
1778 939 1832 1003 si
1876 937 2114 1005 ibidem
2157 937 2481 1020 fuerimus,
2533 957 2645 1004 seu
2675 937 2877 1004 Nobis
2922 936 3025 1002 ab·

647 1047 930 1112 sentibus
992 1062 1201 1111 coram
1243 1042 1285 1108 J
1289 1045 1523 1111 eskone
1577 1042 1810 1124 Czuch,
1857 1045 2228 1110 marescallo
2274 1042 2525 1124 Nostr0‚
2574 1061 2717 1109 esse
2761 1042 3025 1109 debeant

643 1150 847 1215 modis
906 1149 1195 1215 omnibus
1254 1149 1598 1229 constituti,
1660 1168 1699 1214 a
1740 1147 1939 1215 Nobis
1999 1167 2114 1213 seu
2160 1148 2328 1214 dicto
2372 1148 2741 1213 marescallo
2799 1146 3024 1211 Nostro
3141 1135 3143 1137 ’

644 1255 1054 1320 intentionem
1097 1254 1337 1336 regiam
1381 1252 1679 1319 audituri.
1728 1254 1871 1320 Dat.
1920 1251 2218 1333 Mendici,
2281 1252 2387 1318 die
2429 1250 2581 1317 XIX
2626 1250 3023 1335 SeptembriS‚

648 1378 986 1442 regnorum
1031 1363 1148 1424 etc.

858 1497 936 1565 (E
965 1498 1076 1551 cod.
1115 1497 1270 1563 capit.
1310 1495 1468 1565 Praq.
1503 1495 1679 1549 Form.
1716 1495 1790 1549 H.
1829 1496 1971 1563 141.)

854 1670 1107 1737 Fideles
1151 1671 1414 1738 dilecte!
1462 1669 1663 1736 Tuam
1706 1668 2079 1736 fidelitatem
2124 1670 2439 1735 credimus
2466 1688 2591 1735 non
2619 1670 2841 1750 latere,
2884 1689 3024 1753 qua-

651 1777 798 1842 liter
843 1827 855 1842 .
905 1827 918 1842 .
983 1777 1065 1843 de
1109 1828 1122 1842 .
1174 1828 1186 1842 .
1251 1776 1460 1841 dictus
1528 1779 1761 1841 stratas
1829 1779 1894 1840 et
1965 1776 2103 1841 vias
2177 1775 2465 1858 publicas
2532 1774 3021 1858 depraedaverit,

647 1880 972 1964 Nobisque
1003 1885 1070 1947 et
1110 1881 1344 1947 nostris
1386 1880 1809 1946 intolerabilia
1856 1880 2129 1962 dampna
2170 1879 2475 1959 intulerit,
2530 1897 2647 1944 nec
2691 1884 2902 1945 cessat
2941 1880 3024 1943 in-

650 1985 816 2052 ferre
882 1984 1166 2068 quotidie
1225 1986 1432 2052 animo
1493 1984 1749 2068 penitus
1808 1985 2134 2064 indurat03
2204 1984 2283 2050 ob
2343 1984 2510 2067 quod
2569 1984 2729 2050 alios
2795 1984 3023 2050 nobiles

649 2092 828 2174 regni
890 2090 1109 2155 Nostri
1153 2090 1453 2156 Boemiae
1514 2090 1798 2156 studiose
1866 2089 2182 2155 consuluit
2237 2088 2473 2155 Nostra
2537 2087 2878 2168 SerenitaS‚
2952 2087 3022 2151 de

652 2215 916 2277 quorum
961 2196 1153 2261 etiam
1198 2195 1461 2262 consilio
1505 2196 1749 2261 nobiles
1794 2194 1873 2262 H.
1922 2195 2003 2259 de
2034 2245 2048 2260 .
2098 2245 2111 2260 .
2162 2199 2227 2260 et
2269 2194 2348 2260 H.
2391 2195 2472 2261 de
2503 2246 2517 2260 .
2566 2245 2580 2260 .
2628 2193 2669 2259 f.
2718 2213 2775 2259 n.
2828 2193 2907 2273 d.‚
2952 2192 3023 2256 ad

651 2299 1006 2384 praefatum
1050 2299 1369 2379 destinati,
1418 2318 1533 2382 per
1576 2317 1687 2364 eos
1732 2299 1810 2364 ab
1854 2299 1995 2381 ipso
2041 2299 2429 2382 postulatum
2466 2298 2698 2377 existit,
2747 2303 2820 2362 ut
2848 2315 3025 2379 super

651 2405 796 2485 hiis,
842 2424 1006 2489 quae
1050 2407 1217 2472 inter
1243 2406 1378 2472 Nos
1423 2413 1488 2473 et
1531 2393 1742 2491 ipsum
1786 2412 1935 2472 sunt
1978 2411 2212 2488 exorta,
2269 2407 2350 2472 ad
2396 2405 2822 2489 praesentiam
2863 2402 3023 2468 nobi·
3137 2399 3141 2402 ’

652 2509 808 2576 lium
869 2511 1176 2577 baronum
1238 2513 1416 2594 regni
1484 2511 1783 2577 Boemiae
1847 2512 2266 2595 personaliter
2324 2511 2558 2591 venire,
2625 2510 3019 2591 ipsorumque
3139 2567 3140 2573 ,

655 2613 1013 2695 diffinitioni
1058 2635 1132 2681 ac
1169 2615 1300 2698 juri
1345 2635 1460 2697 per
1503 2633 1611 2680 eos
1645 2615 2024 2681 declarando
2062 2620 2231 2681 stare
2262 2615 2539 2695 deberet,
2586 2615 3022 2693 universasque

655 2725 720 2786 et
764 2721 1043 2801 singulas
1089 2739 1191 2786 res
1221 2719 1420 2786 Nobis
1467 2725 1532 2785 et
1560 2721 1794 2785 nostris
1823 2740 1939 2802 per
1965 2721 2176 2803 ipsum
2213 2719 2457 2785 ablatas
2485 2718 2853 2783 restitueret
2878 2717 3021 2780 inte·
3138 2734 3143 2751 ·

653 2825 913 2906 graliter
971 2828 1037 2889 et
1077 2824 1144 2889 in
1187 2829 1406 2890 totum.
1497 2825 1675 2890 Idem
1732 2829 1945 2889 tamen
2003 2843 2120 2890 nec
2173 2825 2302 2908 juri
2368 2842 2593 2906 parere
2650 2840 2769 2886 nec
2829 2820 3020 2886 ablata
3138 2799 3140 2862 ἕ

653 2930 991 2995 restituere
1023 2931 1284 3009 curavit,
1332 2929 1446 2994 sed
1489 2929 1555 2993 in
1596 2928 1949 3011 pertinacia
1994 2945 2109 2992 sua
2147 2927 2512 3009 persistens,
2558 2926 2799 3009 majora
2838 2923 3021 2990 Nobis

659 3037 726 3099 et
767 3034 1000 3098 nostris
1043 3032 1275 3100 inferre
1306 3034 1686 3099 detrimenta
1716 3035 1993 3098 conatur.
2043 3032 2441 3114 Quapropter
2467 3028 2838 3097 fidelitatem
2863 3032 3021 3093 tuam

655 3137 893 3202 seriose
937 3138 1319 3220 requirimus
1365 3142 1429 3204 et
1471 3137 1814 3218 hortamur,
1863 3140 2172 3218 quatenus
2211 3136 2293 3202 ad
2323 3133 2786 3218 reprimendam
2830 3133 3019 3216 ipsius
3137 3159 3142 3174 ‚

656 3243 1040 3322 proterviam
1099 3262 1446 3326 pacemque
1507 3247 1572 3307 et
1628 3242 2148 3325 tranquillitatem
2206 3240 2274 3305 in
2332 3258 2526 3322 regno
2583 3243 2798 3304 nostro
2845 3236 3021 3302 stabi·
3136 3258 3141 3290 τ

656 3345 949 3426 fiendam,
1011 3347 1189 3413 nobis
1248 3347 1408 3412 velis
1468 3347 1770 3413 assistere
1828 3350 1895 3411 et
1952 3349 2141 3429 prout
2196 3349 2261 3410 te
2322 3344 2568 3409 sincera
2608 3340 2734 3407 fide
2779 3359 3019 3425 praesu-

657 3453 904 3531 mimuS‚
934 3449 1209 3516 fideliter
1236 3452 1600 3532 adhaerere,
1635 3454 1854 3533 gentes
1884 3453 2029 3515 tuas
2058 3466 2317 3513 numero
2335 3448 2556 3512 decem
2585 3448 2840 3513 lanceas
2862 3466 2899 3512 a
2930 3445 3019 3509 die

662 3556 976 3620 dominica
1040 3555 1202 3620 infra
1273 3559 1412 3620 octo
1484 3555 1623 3620 dies
1682 3572 1904 3620 versus
1956 3552 2205 3619 Montes
2268 3556 2385 3618 etc.
2432 3552 2591 3617 velis
2660 3551 2738 3616 ed
2807 3551 3020 3616 debeas

660 3659 864 3725 modis
909 3661 1197 3726 omnibus
1242 3660 1578 3740 destinare,
1625 3678 1741 3724 nec
1785 3663 1852 3724 te
1894 3659 2133 3723 nuntiis
2180 3660 2245 3748 et
2286 3657 2491 3722 literis
2537 3657 2690 3721 dicti
2724 3706 2736 3721 .
2788 3707 2801 3721 .
2850 3707 2863 3721 .
2909 3653 3018 3719 alia

657 3765 920 3831 forsitan
962 3764 1198 3845 referre
1227 3764 1582 3831 volentibus
1637 3763 1968 3846 permittas
2013 3766 2320 3842 avertere,
2366 3762 2521 3845 quin
2550 3780 2645 3842 ea,
2691 3778 2855 3842 quae
2882 3756 3018 3824 scri-

660 3869 884 3950 bimus,
931 3864 1199 3936 veritate
1241 3868 1463 3935 fulcita
1509 3885 1873 3950 cognoscas,

868 4009 946 4075 (E
976 4011 1084 4061 cod.
1125 4027 1240 4076 cap.
1281 4011 1439 4078 Praq.
1479 4010 1651 4064 Form.
1689 4008 1761 4060 ΙΙ.
1800 4007 1941 4076 1402)

868 4182 950 4247 W
967 4202 1058 4248 en
1077 4201 1163 4248 ce
1180 4183 1402 4249 slaus
1449 4186 1566 4248 etc.
1637 4180 1877 4248 Fidelis
1922 4179 2184 4246 dilecte!
2246 4177 2347 4243 Ad
2390 4178 2852 4260 reprimendam
2889 4192 3015 4258 pro-

661 4289 930 4355 terviam
975 4292 1040 4352 et
1081 4288 1487 4354 rebellionem
1517 4286 1890 4370 Marquardi
1933 4286 2013 4350 de
2042 4283 2475 4365 Wartenberg‚
2521 4282 2677 4347 dicti
2708 4282 2788 4356 de
2817 4281 3011 4355 Kosta,
3143 4288 3144 4298 ¹

663 4393 1139 4459 adhaerentium
1184 4397 1250 4459 et
1292 4393 1667 4476 complicum
1710 4409 1986 4471 suorum,
2046 4390 2155 4472 qui
2216 4405 2285 4454 se
2328 4386 2526 4454 Nobis
2573 4391 2789 4454 contra
2830 4387 3012 4452 Deum
