3225 5017
291 304 325 354 64
491 301 557 371 000.
574 302 595 355 1.
613 302 668 355 Res
686 302 722 356 ad
738 302 815 371 regni
833 300 1093 357 administrationem
1113 307 1278 371 spectantes.

288 513 350 559 non
372 503 614 577 comparuerunt
641 498 674 560 in
703 497 837 561 termino
866 498 1077 579 peremptorio
1108 497 1275 575 01111010,
1307 497 1423 562 milites
1447 502 1479 562 et

288 600 401 664 vasalli
430 600 583 666 ecclesiae
611 603 829 684 requirantur3
857 608 889 667 01
911 604 939 668 01
961 604 1026 667 iam
1048 601 1125 667 dicti
1155 602 1273 667 milites
1306 606 1339 666 et
1366 601 1479 667 vasalli

288 704 441 770 ecelesiae
458 706 531 788 jure
553 705 817 789 Magdeburgensi
841 726 896 773 eos
918 706 1081 773 inueniant
1101 706 1152 772 ius
1181 724 1273 772 suum
1301 705 1480 789 perdidisse

287 809 436 891 totaliter,
466 811 506 876 ab
528 812 651 877 actione
681 830 739 878 sua
769 831 866 897 super
887 813 966 895 ipsis
988 812 1089 878 feodis
1112 812 1229 878 debent
1256 812 1479 895 inperpetuum

289 932 422 979 cessare.

391 1022 419 1086 7.
444 1019 477 1087 Si
498 1040 574 1086 vero
596 1040 654 1104 per
674 1021 761 1104 ipsos
782 1022 900 1087 milites
924 1040 981 1087 seu
995 1022 1132 1089 vasallos
1155 1022 1240 1087 dicto
1262 1021 1331 1085 iure
1346 1019 1479 1101 Magdo-

285 1124 436 1206 burgensi
457 1126 666 1207 ostendetur-,2
682 1126 766 1210 quod
788 1127 866 1192 dicti
889 1128 943 1211 qui
972 1146 1028 1211 pro
1051 1125 1153 1192 feodis
1183 1125 1410 1210 querimoniam
1431 1123 1479 1189 fe-

287 1233 405 1309 cerunt,
435 1248 496 1295 000
518 1231 724 1312 perdiderunt
744 1232 795 1297 ius
817 1232 968 1314 ipsorum,
998 1236 1074 1295 1000
1096 1231 1197 1313 primo
1220 1230 1316 1296 debet
1343 1249 1400 1312 per
1422 1248 1478 1295 eos

286 1350 383 1416 super
403 1334 468 1399 iam
489 1335 583 1400 dictis
606 1335 708 1402 feodis
730 1338 927 1420 querimonia
948 1337 1098 1402 inchoari.

388 1440 417 1504 8.
440 1439 560 1505 Iterum
580 1442 650 1524 ipse
672 1441 816 1509 dominus
838 1446 947 1508 noster
967 1442 1128 1507 Johanues
1155 1441 1322 1524 episcopus
1346 1439 1477 1506 Olomu-

285 1543 388 1608 consis
417 1544 537 1610 nullum
566 1548 693 1629 penitus
722 1548 878 1614 vasallum
901 1566 957 1613 seu
980 1546 1225 1613 infeudatarium
1249 1565 1341 1611 suum
1363 1546 1477 1611 amodo

284 1645 426 1715 detinere
458 1649 562 1732 debet,
591 1652 654 1717 nisi
688 1652 859 1734 praecedat
890 1653 1045 1731 iudicium
1074 1657 1106 1718 01
1135 1652 1263 1719 10011010
1296 1652 1337 1716 10
1369 1652 1476 1733 aliquo
1578 1660 1579 1717 ξ

284 1753 461 1821 eorundem.
1578 1824 1579 1827 ,

385 1860 414 1925 9.
448 1858 563 1926 Nullus
593 1862 689 1928 etiam
710 1863 903 1929 vasallorum
932 1867 965 1929 et
985 1862 1264 1929 infeodatarionrm
1287 1860 1475 1926 Olomucen-
1578 1905 1579 1933 1

282 1964 364 2028 sium
385 1964 494 2031 literas
516 1967 696 2033 securitatis
719 1972 752 2033 et
773 1968 963 2033 conductum
986 1969 1025 2034 ab
1048 1969 1117 2050 ipso
1133 1967 1259 2032 domino
1277 1970 1386 2031 nostro
1409 1966 1475 2048 epi-

281 2066 377 2150 scopo
407 2067 609 2135 Olomucensi
643 2076 771 2153 expetat
804 2075 836 2136 et
868 2072 1018 2155 requirat,
1054 2073 1110 2136 sed
1142 2072 1242 2137 libere
1273 2070 1401 2154 quidem
1434 2069 1476 2135 ad

280 2190 382 2255 psum,
406 2178 537 2256 excepto
552 2175 620 2240 solo
635 2193 711 2240 casu
725 2175 898 2256 homicidii,
920 2177 1044 2260 quando
1061 2177 1137 2257 vult,
1153 2176 1261 2241 veniat
1273 2176 1357 2241 omni
1373 2175 1466 2239 hora.

385 2278 434 2343 10.
458 2277 492 2343 Si
508 2279 579 2360 quis
602 2284 708 2344 autem
729 2280 936 2362 pertinaciter
948 2280 1056 2345 venire
1078 2298 1140 2345 non
1160 2284 1285 2345 curaret
1307 2280 1348 2344 ad
1369 2280 1474 2362 ipsum

280 2380 440 2447 dominum
468 2387 619 2463 nostrum,
649 2385 733 2449 hunc
761 2386 832 2467 ipse
863 2385 1007 2451 dominus
1035 2389 1143 2451 noster
1171 2404 1229 2469 per
1251 2402 1326 2449 suos
1356 2384 1474 2449 milites

279 2485 412 2568 proinde
432 2486 529 2552 faciat
549 2487 692 2553 iudicari.

384 2593 434 2658 11.
479 2592 624 2677 Amplius
646 2593 816 2676 priuilegia
839 2592 1057 2660 Olomucensis
1081 2594 1235 2661 ecelesiae
1269 2593 1476 2660 declarabunt

279 2717 375 2781 super
396 2698 490 2765 metis
506 2703 538 2764 01
551 2698 715 2778 limitibus„
738 2717 795 2781 pro
820 2699 934 2782 quibus
956 2700 1039 2765 inter
1054 2699 1227 2765 Bouslaum
1250 2703 1282 2763 et
1303 2698 1471 2763 amicos..

278 2822 353 2869 suos
376 2805 415 2869 de
439 2803 559 2870 Orasna
588 2808 621 2869 et
648 2804 733 2869 inter
753 2804 930 2869 Bludonem
959 2804 999 2869 de
1022 2804 1178 2871 Tirnavvia
1200 2809 1232 2869 01
1253 2803 1472 2887 Heymannum

278 2908 424 2974 comitem
445 2909 486 2974 de
506 2908 644 2993 Prsybor
665 2910 810 2993 quaestio
832 2909 976 2989 habetur,
1001 2908 1041 2974 de
1062 2909 1122 2973 hoc
1144 2909 1209 2973 iam
1231 2908 1316 2973 dicto
1338 2911 1472 2991 vtraque

275 3030 351 3094 pars
374 3017 519 3078 contenta
540 3014 667 3096 penitus
690 3032 761 3079 0000
785 3013 889 3079 debet.

384 3118 432 3181 12.
456 3117 536 3183 Item
560 3118 587 3183 si
609 3117 771 3201 praefatus
793 3120 902 3181 noster
931 3115 1077 3183 dominus
1099 3115 1269 3198 lohannes,
1301 3117 1470 3200 episcopus

239 3206 242 3212 ”
277 3220 505 3303 01000000010,
535 3222 674 3306 aliquem
704 3222 743 3287 de
765 3221 894 3287 vasallis
919 3220 986 3286 0010
1017 3221 1085 3286 0100
1118 3221 1236 3285 1011010
1259 3221 1472 3303 captiuauerit

277 3331 309 3393 01
330 3326 435 3409 ipsum
456 3325 538 3392 infra
553 3326 633 3392 duas
648 3327 841 3411 septimanas
856 3326 991 3391 liberum
1012 3344 1074 3391 non
1090 3326 1255 3407 dimiserit,
1279 3326 1471 3409 infrascripti

275 3430 487 3512 fideiussores,
512 3431 567 3516 qui
590 3450 648 3497 sua
670 3432 775 3514 sigilla
789 3430 1009 3514 praesentibus
1032 3430 1259 3515 appenderunt,
1289 3435 1362 3515 post
1391 3431 1471 3496 duas

275 3537 468 3618 septimanas
501 3536 629 3601 easdem
662 3536 824 3603 ciuitatem
854 3535 1096 3601 Olomuconsem
1128 3536 1290 3603 intrabunt
1321 3537 1355 3601 10
1384 3537 1470 3603 mille

274 3641 389 3707 marcis
411 3640 577 3706 adiacendi
592 3641 625 3705 10
640 3641 793 3723 obstagia,
818 3640 917 3705 donec
938 3639 990 3706 vel
1005 3639 1109 3705 dictus
1132 3641 1277 3722 captiuus
1294 3640 1471 3707 dimittatur

274 3748 364 3827 liber,
386 3747 438 3811 vel
458 3765 516 3828 per
537 3746 642 3828 ipsum
664 3746 825 3810 dominum
848 3746 1031 3827 episcopum
1054 3744 1296 3811 Olomucensem
1319 3745 1469 3811 Jencaoni

275 3851 466 3917 etFranooni
480 3871 550 3916 cum
562 3850 786 3934 suprascriptis
799 3850 943 3928 omnibus
955 3850 1177 3933 persoluentur
1187 3851 1371 3931 praedictae
1381 3851 1468 3915 mille

273 3974 407 4022 marcae.
432 3954 466 4021 si
482 3975 556 4021 vero
573 3956 669 4021 etiam
683 3955 753 4038 ipse
769 3954 914 4020 dominus
934 3958 1040 4019 noster
1055 3954 1199 4020 dominus
1215 3954 1236 4019 J
1237 3955 1377 4021 ohannes
1400 3958 1466 4039 epi-

137 4129 146 4133 .
274 4080 388 4145 scopus
418 4058 638 4126 Olomuconsis
671 4059 793 4142 aliquid
827 4058 914 4125 aliud
948 4058 1199 4141 supradictorum
1239 4058 1404 4142 infregerit
1438 4065 1469 4126 et

272 4168 332 4232 hoc
353 4165 436 4230 infra
457 4170 527 4230 octo
542 4166 734 4247 septimanas
757 4182 820 4228 000
841 4163 1072 4244 retractauerit,
1094 4168 1168 4246 post
1181 4164 1268 4246 ipsas
1284 4170 1354 4231 0010
1370 4166 1467 4248 00011-

270 4288 380 4334 manas
395 4268 533 4335 secundo
550 4269 712 4334 ciuitatem
724 4266 968 4333 olomucensem
982 4268 1059 4333 dicti
1074 4265 1277 4333 fideiussores
1292 4269 1464 4350 intrabunt,

272 4374 371 4438 donec
399 4374 468 4457 ipse
490 4372 635 4439 dominus
655 4376 763 4439 noster
792 4373 960 4456 episcopus
984 4371 1204 4438 Olomuconsis
1233 4376 1385 4439 retractet
1418 4393 1463 4454 ea,
