3225 5017
246 324 296 372 340
576 317 640 389 Cap.
659 317 719 371 XII.
743 318 851 372 Stratac
869 325 897 373 et
914 320 1111 374 commercium.

349 512 445 595 Lapis
468 510 628 591 filamenti,
660 486 737 593 garn
766 511 851 594 vulg.
885 513 970 593 dicti,
1007 512 1035 577 01
1059 513 1187 579 ducitur
1219 515 1269 580 vel
1296 519 1442 596 portatur

245 619 278 684 in
300 618 475 697 Boemiam,
499 619 520 682 2
543 616 614 682 den.
639 616 735 683 dabit.

347 722 511 804 Sexagena
534 723 705 828 cultrorum
728 740 899 804 parvorum
921 721 963 786 (10
983 722 1114 787 Boemia
1136 722 1304 790 allatorum
1332 722 1439 788 bden.

245 828 528 999 debltssoemicale
550 934 658 998 vinum
680 931 853 996 adductum
876 934 909 996 et
930 949 987 1014 pro
1011 931 1077 997 sale
1112 930 1220 995 datum
1249 936 1299 996 est
1328 951 1348 997 0
1371 932 1441 997 the-

243 1040 334 1103 loneo
357 1038 554 1118 absolutum,
578 1038 606 1102 si
629 1053 703 1103 vero
726 1055 783 1118 pro
806 1035 945 1101 denariis
968 1036 1125 1116 venditur,
1156 1041 1231 1101 tunc
1266 1037 1354 1125 dabit
1383 1055 1440 1119 pro

156 1166 159 1171 ·
244 1141 392 1207 theloneo
415 1142 435 1204 2
459 1158 594 1223 grossos.
1131 1157 1230 1224 (naar
1248 1157 1405 1224 001011.)

348 1300 397 1364 10.
423 1298 515 1365 1325.
540 1297 591 1363 22.
616 1296 674 1381 Ap.
699 1296 840 1363 Joaunes
863 1317 996 1364 rex...
1018 1296 1172 1365 Volentes
1196 1297 1332 1364 Nostros
1355 1300 1441 1363 cives

244 1403 403 1471 Uscenses
427 1422 464 1469 ac
487 1422 596 1468 eorum
615 1419 814 1467 successores
827 1401 963 1485 juribus,
987 1402 1198 1483 libertatibus,
1224 1422 1345 1468 necnon
1369 1420 1442 1468 con-

246 1510 474 1589 stitutionibus,
498 1508 612 1591 quibus
634 1506 799 1590 hucusque
821 1507 905 1575 freti.
925 1511 1016 1588 0000,
1041 1512 1074 1573 00
1106 1509 1234 1574 inantea
1267 1505 1387 1590 perfrui
1410 1512 1443 1571 00

246 1616 394 1698 gaudere,
425 1614 505 1697 ipsis
535 1612 737 1678 concedimus
767 1617 801 1676 et
829 1611 982 1693 favemus,
1017 1617 1054 1677 ut
1083 1614 1116 1677 in
1139 1664 1146 1677 .
1171 1663 1178 1678 .
1204 1663 1211 1677 .
1242 1611 1386 1677 omuibus
1409 1616 1444 1675 et

248 1718 390 1801 siugulis,
415 1717 530 1800 quibus
545 1715 662 1781 Nostra
680 1716 970 1781 Luthomerioensis
994 1717 1078 1781 circa
1097 1735 1301 1799 quascunque
1316 1734 1443 1798 posses-

247 1825 351 1890 siones
375 1840 449 1887 suas
474 1825 506 1886 et
528 1838 677 1904 expresse
701 1821 784 1886 circa
807 1820 929 1890 Albeae
951 1840 989 1886 ac
1012 1822 1108 1887 etiam
1138 1820 1307 1886 Wultavae
1336 1821 1369 1885 in
1391 1839 1443 1885 as-

247 1927 407 1994 cendendo
431 1930 463 1991 00
486 1925 707 1990 descendendo
730 1944 787 2007 per
806 1943 860 1989 aas
877 1944 949 1989 cum
963 1925 1058 1991 rebus
1075 1926 1141 1990 suis
1157 1926 1310 1991 transitus
1325 1925 1443 1990 liberos

247 2033 461 2116 adpraesens
484 2028 602 2112 gaudet
626 2031 738 2095 civitas
761 2030 812 2094 vel
836 2031 933 2096 etiam
956 2030 1113 2095 secuturis
1136 2029 1332 2112 temporibus
1354 2030 1443 2111 gavi-

248 2156 321 2201 sura
349 2135 445 2201 fuerit
474 2135 685 2215 libertatibus,
720 2134 962 2201 inmunitatibus
999 2154 1036 2200 ao
1069 2136 1191 2216 gratiis
1226 2134 1373 2199 similiter
1394 2134 1443 2198 uti

247 2240 383 2306 debeant
405 2245 437 2305 00
459 2238 607 2321 gaudere,
631 2239 677 2303 ita
700 2239 786 2321 quod
809 2289 867 2305 ...
892 2240 1009 2306 civium
1031 2238 1221 2304 Nostrorum
1243 2239 1443 2304 Luthomeri-

249 2346 389 2411 oeusium
410 2344 511 2408 instar
534 2392 540 2406 .
566 2392 572 2406 .
596 2340 706 2406 Nostri
729 2342 888 2409 Uscenses
920 2344 1005 2409 cives
1034 2362 1072 2409 ac
1103 2362 1212 2409 eorum
1241 2362 1444 2409 successores

247 2452 281 2515 in
302 2449 422 2514 Albeae
445 2452 477 2512 et
499 2444 668 2512 Wultavae
690 2465 847 2528 aquarum
868 2447 1067 2513 ascendendo
1091 2453 1124 2513 et
1146 2442 1366 2515 descendendo
1386 2466 1445 2530 per

249 2572 303 2621 eos
325 2553 433 2619 liberis
456 2551 652 2631 transitibus,
677 2555 829 2616 consueto
850 2570 909 2633 per
931 2571 985 2618 eos
1012 2544 1176 2619 dumtaxat
1198 2552 1272 2618 dato
1295 2552 1443 2617 theloneo

248 2658 391 2737 1010010,
414 2655 584 2738 inquibus
608 2655 647 2720 de
666 2656 739 2739 jure
770 2655 839 2721 dari
862 2658 1036 2737 consuevit,
1068 2676 1255 2741 quocunque
1286 2656 1445 2722 voluerint

249 2765 398 2843 navigare
421 2764 453 2825 et
475 2760 655 2843 ubicunque
678 2759 724 2825 010
747 2760 875 2842 navigia
896 2778 955 2826 sua
986 2762 1213 2844 expediverint,
1244 2779 1377 2827 onerare
1405 2780 1444 2826 00

250 2886 404 2933 annonam
427 2870 460 2929 et
481 2882 532 2929 res
555 2882 629 2929 suas
653 2883 879 2947 quaecunquae
901 2865 942 2930 ad
965 2867 1035 2947 ipsa
1067 2866 1225 2932 adducere
1256 2866 1383 2932 valeant
1412 2869 1446 2931 et

250 2974 346 3038 etiam
371 2972 439 3036 sine
462 2968 686 3051 impedimento
710 2967 853 3051 quolibet
875 2968 1035 3056 adaptare.

354 3074 442 3141 (Arcb.
462 3072 509 3125 cio.
527 3070 647 3124 Uolcacio.
666 3071 783 3123 Feirlner
798 3068 889 3124 Gesoh.
903 3074 950 3124 der
963 3072 999 3126 Sc.
1013 3071 1164 3143 0100019.-
1182 3074 1273 3127 Emlor
1290 3074 1341 3127 ΙΠ.
1354 3074 1444 3141 1082.)

359 3215 408 3279 11.
432 3212 583 3277 Portus
607 3215 647 3275 et
668 3209 869 3276 thelonea
890 3212 931 3275 10
952 3210 1132 3277 Vltavia.

353 3319 446 3384 1366.
471 3318 499 3381 3.
524 3316 605 3397 Aug.
629 3314 699 3380 Wir
721 3314 821 3380 Karln
844 3319 895 3381 etc
897 3363 1442 3383 ..............

355 3423 421 3489 Onu
429 3422 502 3487 dem
512 3427 626 3501 ersten,
636 3421 694 3487 das
705 3441 777 3486 man
786 3422 848 3486 alle
856 3440 947 3502 were,
961 3421 1013 3486 die
1021 3420 1069 3485 uff
1075 3422 1133 3489 der
1141 3421 1445 3504 Multawgemachet

248 3530 321 3609 sint,
333 3546 396 3594 wes
409 3546 445 3610 sy
457 3527 538 3592 auch
550 3528 627 3607 0010,
641 3526 708 3591 also
719 3525 874 3591 bostellen
886 3526 943 3606 sol,
956 3525 1014 3592 das
1026 3546 1100 3592 man
1112 3527 1150 3593 uf
1157 3528 1291 3594 iclichen
1299 3545 1381 3593 were
1392 3528 1444 3593 ein

248 3640 299 3700 tor
310 3633 442 3698 macheu
454 3632 510 3712 sal,
526 3632 582 3696 das
596 3630 783 3696 czweinczilx
794 3630 913 3711 Prager
923 3631 994 3695 0100
1004 3632 1077 3697 weit
1089 3634 1136 3698 001
1147 3633 1180 3698 10
1191 3635 1317 3699 sulcher
1327 3651 1443 3714 masne,

250 3738 307 3805 das
331 3737 430 3803 durch
446 3737 507 3803 alle
529 3741 580 3800 tor
603 3735 655 3800 die
678 3734 809 3800 Multaw
831 3736 923 3802 einen
945 3737 1087 3804 slachten
1110 3737 1189 3803 eben
1206 3736 1443 3821 fluszgehaben

249 3861 371 3925 muege,
388 3841 445 3906 das
461 3841 513 3906 die
527 3838 781 3905 kaufmanschaft
794 3840 882 3906 nicht
897 3860 937 3906 zu
948 3840 1103 3923 besorgen
1118 3842 1174 3921 001,
1191 3843 1248 3909 (100
1264 3845 1292 3910 01
1308 3844 1345 3911 ui
1357 3845 1444 3911 dem·

252 3948 359 4012 selben
370 3945 532 4025 vorderbe,
545 3945 583 4009 ab
600 3962 635 4027 sy
649 3961 709 4008 von
723 3944 779 4008 der
793 3945 878 4010 hohe
889 3965 950 4027 gen
960 3947 1005 4011 tal
1017 3947 1121 4011 valleu
1134 3946 1232 4029 solde,
1244 3949 1310 4013 und
1320 3952 1444 4016 meinen

253 4051 318 4116 und
339 4050 459 4130 wellen,
483 4049 539 4114 das
562 4068 635 4114 man
659 4049 1219 4135 (1000000000000010000000011011
1245 4053 1366 4136 graifen
1396 4055 1444 4119 sol

254 4176 294 4220 an
316 4154 450 4236 ufschup
473 4154 537 4219 und
559 4174 600 4219 an
622 4154 699 4219 01100
721 4154 941 4220 hindamusse.
966 4153 1057 4220 Anah
1087 4158 1206 4239 wellen,
1238 4177 1349 4223 000000
1379 4159 1444 4223 und

253 4260 378 4341 gebiten
400 4260 457 4327 wir
477 4258 519 4341 by
542 4260 660 4324 sucheu
682 4278 794 4341 peneu,
818 4260 866 4325 als
889 4258 1027 4324 hemoch
1051 4262 1239 4341 geschribon
1261 4268 1361 4342 steen,
1385 4262 1443 4327 daz

254 4364 315 4428 alle
338 4361 462 4442 cnoelle,
498 4362 549 4426 die
579 4362 615 4426 ul
646 4363 704 4427 der
734 4362 865 4429 Multaw
887 4363 1052 4446 gemachct
1075 4366 1139 4431 und
1169 4366 1349 4449 ausgeseczt
1374 4367 1444 4432 sein
