3225 5017
295 333 347 383 264
726 331 791 403 Gap.
809 332 856 386 IX.
874 331 1054 391 Universitas.

293 526 502 592 facultate
523 528 556 590 et
577 525 662 608 quod
683 528 826 608 legentes
849 530 883 592 et
904 527 1069 594 studentes
1090 528 1211 596 ibidem
1227 531 1371 598 omnibus
1386 533 1482 615 privi-
1571 587 1572 598 .

293 630 394 712 legiis,
417 630 617 698 libertatibus
640 650 677 697 ac
698 632 959 713 immunitatibus,
984 634 1141 701 concessis
1168 635 1349 703 doctoribus
1378 636 1484 718 legen·

294 735 380 800 tibus
402 738 435 800 et
456 736 656 801 studentibus
679 738 945 804 commorantibus
966 739 999 803 in
1014 734 1126 804 Studio
1146 736 1303 821 Generali,
1326 741 1485 825 gaudeant

295 844 328 905 et
349 844 487 922 utantur,
511 841 660 924 quodque
681 842 737 923 illi,
761 842 817 926 qui
840 859 991 925 processu
1013 844 1165 927 temporis
1188 845 1340 911 scientiae
1360 863 1484 927 marga·

293 946 388 1012 ritam
407 946 526 1012 fuerint
545 948 580 1012 in
599 947 656 1012 illa
669 946 830 1028 facultate,
846 948 879 1012 in
894 967 957 1030 qua
971 948 1161 1031 studuerint,
1184 951 1332 1031 assecuti,
1357 949 1482 1034 sibique
1571 969 1572 982 ¹

294 1050 427 1116 docendi
448 1052 618 1132 licentiam,
641 1056 678 1117 ut
698 1051 778 1117 alios
792 1050 920 1120 erudire
934 1053 1069 1134 valeant,
1093 1073 1131 1121 ac
1144 1054 1320 1138 magisterii
1334 1054 1485 1121 honorem

294 1175 351 1222 seu
382 1157 511 1221 titulum
543 1157 694 1240 petierint
724 1157 890 1240 impertiri,
924 1177 981 1240 per
1010 1161 1178 1242 maglstros
1213 1177 1270 1224 seu
1299 1159 1485 1242 magianum

292 1260 379 1326 illius
399 1260 570 1342 facultatis,
592 1263 626 1328 in
649 1281 713 1346 qua
734 1263 925 1329 examinatio
947 1263 1045 1329 111111
1065 1262 1220 1344 facienda,
1243 1263 1483 1347 archiepiscopo

293 1364 454 1448 Pragensi,
478 1367 532 1450 qui
555 1370 605 1432 est
618 1386 675 1449 pro
690 1371 843 1454 tempore,
859 1371 1108 1450 praesententur.
1132 1367 1221 1435 Idem
1243 1385 1369 1451 quoque
1383 1368 1486 1434 archi·

294 1470 462 1553 episcopus
483 1471 665 1537 doctoribus
688 1476 721 1538 et
741 1473 903 1553 magistris
924 1472 958 1536 in
980 1473 1092 1537 eadem
1122 1471 1273 1539 facultate
1302 1472 1380 1540 inibi
1412 1477 1485 1539 actu

292 1576 475 1658 regentibus
512 1576 702 1658 convocatis,
737 1577 810 1643 illos
843 1577 877 1642 in
908 1577 981 1664 hiis,
1016 1596 1097 1659 quae
1130 1578 1163 1643 in
1192 1577 1416 1662 promovendis
1446 1578 1486 1642 ad

292 1680 474 1746 doctoratus
495 1699 553 1746 seu
574 1682 749 1764 magisterii
771 1683 923 1748 honorem
943 1683 1155 1765 requiruntur,
1178 1699 1236 1766 per
1258 1700 1293 1748 11
1322 1683 1373 1748 vel
1389 1682 1485 1748 aliurn

290 1786 382 1869 Juxta
410 1785 538 1851 modum
567 1791 601 1852 et
629 1788 898 1869 consuetudinem,
926 1806 1008 1872 quae
1031 1805 1127 1870 super
1148 1787 1266 1854 talibus
1288 1789 1322 1852 11
1347 1785 1486 1852 Genera-

294 1890 378 1957 libus
400 1888 521 1956 Studiis
551 1892 767 1973 observantur,
794 1890 975 1957 examinare
998 1891 1125 1958 studeat
1153 1891 1330 1973 diligenter,
1366 1892 1485 1974 eisque,

294 1995 323 2062 si
345 1995 386 2061 ad
408 1994 468 2060 huc
490 1995 684 2064 sufficientes
706 2000 739 2063 et
759 1996 867 2064 idonei
888 1996 1006 2080 reperti
1028 1995 1154 2076 1111111,
1177 1995 1358 2067 huiusmodi
1389 1995 1485 2062 licen·

293 2100 372 2166 tiam
392 2100 513 2166 tribuat
532 2120 571 2168 ac
592 2101 743 2168 honorem
765 2119 823 2167 seu
844 2100 973 2166 titulum
996 2099 1137 2166 conferat
1167 2100 1391 2184 magistralem.
1436 2100 1486 2165 Illi
1568 2085 1570 2148 ἓ

294 2223 379 2286 vero,
393 2191 458 2288 'qui
479 2205 513 2271 in
535 2205 647 2272 eodem
669 2204 781 2271 Studio
807 2205 913 2271 1111111
943 2205 1082 2272 civitatis
1112 2204 1282 2272 examinati
1312 2209 1345 2270 et
1373 2224 1485 2289 appro-

292 2310 359 2377 bati
379 2309 506 2390 fuerint,
529 2310 581 2393 (ac
602 2308 736 2375 docendi
757 2309 920 2376 licentiam
942 2310 988 2394 et)
1010 2311 1161 2375 honorem
1184 2327 1241 2374 111
1269 2309 1398 2374 titulum
1418 2328 1483 2375 ma-

295 2414 929 2498 11111111111111111111111111111111
961 2433 1000 2481 ex
1028 2419 1104 2480 tuuc
1133 2413 1253 2496 absque
1283 2414 1426 2480 11111111
1455 2417 1486 2479 11

296 2519 523 2602 approbatione
547 2519 617 2585 alia·
630 2519 761 2602 regendi
787 2524 821 2585 et
842 2518 976 2585 docendi
1007 2522 1073 2585 tam
1104 2517 1138 2587 in
1167 2519 1297 2585 civitate
1325 2517 1485 2602 praedicta

297 2643 392 2709 quam
421 2623 498 2690 alibi
511 2624 691 2706 ubicunque
705 2623 992 2707 (quouscunque),
1014 2628 1082 2688 tam
1096 2623 1200 2689 dictae
1218 2623 1366 2703 civitatis,
1390 2641 1483 2708 quam

297 2727 515 2813 quorumlibet
549 2729 683 2795 aliorum
718 2731 859 2795 locorum
891 2746 947 2794 seu
981 2727 1184 2794 Generalium
1220 2725 1410 2808 Studiorum,
1454 2727 1485 2791 iu

298 2833 413 2915 quibus
435 2832 593 2899 voluerint
613 2850 724 2915 regere
749 2833 801 2899 vel
830 2831 953 2914 docere,
989 2832 1117 2902 statutis
1147 2835 1179 2897 et
1208 2829 1485 2898 consuetudinibus

298 2936 473 3018 contrariis,
500 2937 674 3020 apostolica
695 2937 747 3003 vel
768 2937 832 3004 alia
862 2955 1062 3020 quacumque
1090 2935 1239 3003 firmitate
1268 2935 1403 3016 vallatis,
1432 2953 1485 3000 11-
1566 2991 1567 2994 ,

299 3059 458 3125 quaquam
479 3041 687 3123 obstantibus,
710 3042 836 3124 plenam
858 3045 891 3108 et
911 3042 1045 3109 liberam
1067 3042 1205 3110 habeant
1225 3040 1416 3106 facultatem.

397 3145 486 3213 Nulli
508 3165 583 3230 ergo
604 3147 730 3213 omniuo
755 3147 918 3214 hominum
946 3145 1041 3212 liceat
1069 3146 1152 3213 hauc
1180 3145 1330 3229 pagiuam
1357 3148 1485 3210 nostrae

296 3250 529 3317 constitutionis
549 3250 721 3334 iufringere
743 3252 793 3318 vel
816 3252 847 3318 11
869 3270 949 3318 1111
970 3251 1139 3317 temerario
1162 3249 1334 3328 111111111ς
1367 3249 1396 3313 11
1416 3250 1486 3331 quis

297 3359 405 3421 autem
425 3356 486 3422 hoo
508 3359 698 3439 attemptare
720 3356 978 3439 praesumpserit,
1001 3355 1250 3436 indignationem
1264 3352 1486 3436 omnipotentis

295 3461 357 3526 Dei
379 3463 411 3526 et
431 3460 596 3526 beatorum
618 3458 705 3525 Petri
728 3465 761 3525 et
784 3459 876 3526 Pauli
896 3460 1112 3542 apostolorum
1134 3459 1203 3541 ejus
1225 3447 1411 3523 se‘noven't
1440 3457 1486 3522 in·

298 3581 471 3629 cursorum.

400 3666 518 3732 Datum
550 3666 705 3734 avinione
737 3667 806 3734 VII.
840 3667 911 3734 Kal.
945 3666 1119 3747 Februarii,
1153 3661 1356 3750 pontificatus
1389 3664 1487 3730 nostri

298 3789 379 3837 anuo
401 3771 519 3852 quinto.

400 3891 538 3958 (Diploma
555 3893 679 3946 insariam
697 3891 821 3946 Chronico
838 3891 973 3946 Franciaci
999 3890 1117 3944 acantici
1133 3890 1281 3962 1111911111,
1307 3889 1370 3956 Cap.
1390 3885 1486 3947 XXII:
1562 3889 1568 3928 1

296 3979 339 4031 De
354 3976 543 4033 instauratione
560 3987 584 4032 et
599 3977 768 4033 inaudiens
784 3979 815 4032 in
830 3996 909 4048 regna
927 3978 1049 4034 Boacias
1067 3977 1156 4032 Stadii
1170 3976 1309 4048 generalia,
1327 3977 1361 4031 Β.
1379 3975 1486 4028 Balbini
1563 3969 1564 3972 ’

294 4066 420 4119 Bobenia
437 4067 513 4122 111111
530 4065 575 4133 (Β.
598 4067 705 4136 Unpar.)
724 4070 793 4120 1776
810 4085 838 4134 p.
856 4071 889 4136 9,
907 4067 978 4123 Man.
994 4066 1054 4120 aba.
1077 4065 1256 4121 universitatis
1279 4063 1420 4134 Praqenca'e
1449 4062 1484 4113 II.
1561 4095 1564 4100 -

298 4153 365 4220 dipl.
383 4153 417 4221 I.)

321 4344 335 4393 ‚⁴
398 4293 428 4359 2.
452 4292 672 4360 Generalis
695 4293 834 4360 Studii
856 4291 1480 4376 Prageusisfundatioregalis.

299 4398 392 4467 1347.
417 4399 445 4462 l.
470 4396 639 4485 Aprilis.
