3225 5017
686 1239 806 1328 Caput
828 1242 1014 1330 quintum.
1110 1185 1113 1189 ¹
1249 1340 1253 1349 Ι
1284 1259 1288 1268 ·

345 1541 349 1554 ἱ
456 1431 796 1528 Metallifodinae
812 1423 814 1426 ’
830 1439 875 1529 et
906 1435 1072 1529 ubere
1101 1423 1245 1555 regia.

830 1767 867 1832 A.

456 1881 459 1885 ’
491 1887 709 1974 Aurifodioae
725 1909 788 1972 per
810 1886 972 1952 Boeotiam
993 1890 1029 1952 io
1049 1887 1218 1974 penetrali.vv
1240 1912 1242 1917 ·
1274 1936 1276 1941 -

341 2081 455 2146 ·1337.
480 2080 530 2146 21.
554 2080 815 2146 Juniidoannes
830 2099 907 2146 rex.
932 2131 940 2146 .
965 2132 971 2146 .
995 2081 1046 2146 Ad
1068 2083 1285 2148 universorum
1300 2081 1447 2147 notitiam
1570 2123 1576 2152 i

256 2190 365 2252 tenore
394 2187 608 2268 praesentium
638 2187 782 2268 cupimus
811 2186 984 2267 pervenire,
1016 2185 1082 2253 Nos
1112 2188 1213 2253 tenori
1236 2191 1269 2252 et
1290 2187 1455 2252 debitorio.
1571 2196 1573 2207 ·

256 2290 372 2356 Nostro
395 2291 528 2372 obligari
549 2291 674 2356 nornine
688 2287 774 2358 fideli
789 2288 906 2355 Nostro
928 2289 1053 2372 dilecto,
1076 2291 1170 2356 Petro
1190 2289 1230 2356 de
1243 2282 1449 2356 Rosenberoh

257 2399 289 2460 et
319 2396 384 2460 suis
415 2394 593 2474 heredibus,
617 2395 650 2458 in
679 2394 888 2476 septingentis
917 2394 1029 2476 viginti
1059 2400 1194 2477 quatuor
1215 2414 1290 2462 sexo
1303 2415 1348 2478 gr.
1372 2395 1446 2460 den.

258 2500 349 2582 Prag.
382 2499 546 2565 occasione
579 2502 611 2563 et
644 2517 700 2580 pro
731 2499 927 2564 exsolutione
956 2500 1052 2564 castri
1080 2498 1197 2565 Nostri
1219 2499 1450 2582 Olingenberoh

257 2609 330 2670 ante
350 2622 448 2669 annos
463 2608 636 2670 retroactos
652 2622 749 2687 penes
772 2623 844 2668 eum
866 2602 951 2668 faeta
972 2603 1005 2668 in
1027 2614 1090 2668 una
1112 2608 1219 2686 parte;
1242 2607 1275 2670 in
1297 2624 1360 2688 qua
1376 2605 1449 2687 qui-

207 2723 211 2732 ·
258 2709 330 2775 dem
352 2709 485 2792 peounia
507 2709 610 2774 eidem
624 2707 718 2773 Petro
740 2708 962 2774 universas
984 2707 1248 2774 aurifodinae
1270 2709 1448 2774 Nostrae

258 2814 298 2877 in
320 2831 446 2895 regno
468 2812 620 2878 Nostro
643 2813 838 2879 Boemiae
867 2812 983 2894 sites,
1014 2814 1203 2878 exclusis
1232 2814 1451 2890 dumtaxat

258 2918 525 2999 aurifodinis‚
556 2919 636 2984 vid.x
655 2916 1005 3000 Reiohenstein‚¹)
1034 2916 1448 3001 Aylaw‚²)Pon1uk‚³)

260 3021 596 3106 Chotyesohow⁴)
620 3028 660 3088 et
680 3024 720 3088 in
742 3018 945 3104 Thepla‚⁵)
962 3041 1043 3104 quae
1057 3021 1098 3086 ad
1113 3021 1180 3086 Nos
1195 3021 1283 3086 etad
1297 3020 1456 3086 Nostram

262 3127 456 3191 solummodo
473 3131 617 3209 spectare
632 3128 747 3193 debent
762 3145 919 3192 eameram
937 3131 1007 3205 ete,
1023 3145 1123 3209 usque
1137 3125 1179 3190 ad
1193 3126 1450 3192 extenuationem
1570 3194 1573 3201 Ι

259 3249 399 3296 summae
422 3231 603 3314 praedictae
618 3231 740 3314 pignori
767 3231 942 3311 obligamus
964 3231 1107 3296 tenenda.
1131 3231 1168 3295 In
1183 3231 1297 3312 quibus
1318 3232 1451 3313 inquam

258 3334 343 3400 idem
365 3334 477 3402 Petrus
500 3337 533 3400 in
556 3355 653 3401 oensn
674 3355 778 3401 annuo
808 3354 982 3418 sexagenas
1005 3336 1168 3417 sexaginta
1189 3335 1301 3401 habuit
1322 3339 1355 3400 et
1374 3352 1450 3417 per-

260 3441 360 3523 oepit3
391 3440 431 3506 de
460 3441 645 3506 aurifodinis
668 3445 773 3506 autem
796 3439 947 3524 praefatis
976 3440 1131 3523 percipiet
1156 3443 1190 3504 et
1215 3439 1359 3506 habebit·
1372 3437 1449 3505 hine

258 3544 340 3610 inira
361 3544 479 3610 festum
499 3544 529 3611 b.
553 3544 731 3610 Wenceslai
761 3545 902 3626 proximo
932 3549 1098 3610 venturum
1128 3544 1191 3608 219
1214 3562 1286 3609 eum
1315 3544 1451 3609 dimidia

259 3667 442 3730 sexagenas.
484 3647 536 3725 Sic
558 3649 655 3731 igitur
677 3649 763 3714 diota
784 3650 867 3715 bona
888 3654 921 3715 et
942 3649 1138 3715 aurifodinae
1156 3649 1330 3733 jamdicto
1352 3649 1450 3713 Petro

261 3757 294 3818 et
325 3754 496 3821 heredibus
531 3754 597 3820 suis
626 3754 659 3818 in
686 3754 753 3822 344
782 3772 854 3818 oum
884 3754 1016 3819 dimidia
1047 3753 1214 3835 sexagenis
1245 3753 1455 3818 remanebunt

260 3858 383 3943 pignori
407 3859 546 3942 obligata
568 3863 627 3924 eto.
1163 3860 1165 3865 ’

364 3996 448 4064 (erp.
466 3997 495 4048 io
513 3996 583 4049 arch.
608 3994 763 4047 Worlieeuoi.
785 3994 884 4048 Stemb.
907 3995 967 4048 Urk.
985 3998 1039 4062 54.)

366 4137 385 4204 ¹)
404 4133 884 4204 Berg·Reiehenstein.-.Hory
896 4133 1080 4205 Karliperske
1102 4136 1183 4204 (349).
1210 4138 1230 4206 ²)
1245 4136 1264 4191 J
1269 4135 1373 4208 ilove,
1385 4136 1452 4205 jun-

261 4222 345 4276 ctioni
362 4223 482 4276 Sazuvee
507 4237 567 4275 oum
585 4222 684 4276 Vltava
702 4218 819 4275 vicinum
838 4223 919 4291 (229).
954 4225 975 4292 ³)
994 4222 1342 4303 Pomukpverisimillime
1359 4224 1453 4278 villula

261 4311 289 4362 in
304 4308 447 4378 junctione
464 4309 539 4364 fluvii
556 4309 676 4365 Luiniee
694 4325 754 4363 oum
772 4307 871 4364 Vitare
888 4308 950 4378 situ,
974 4326 1046 4364 nune
1063 4311 1208 4381 Nepomuk
1224 4311 1343 4366 vocitato
1360 4312 1448 4381 (276);

263 4396 310 4452 ubi
328 4403 354 4451 et
371 4397 526 4468 Vieohlapy
545 4398 625 4466 (uto).
662 4396 684 4466 ⁴)
703 4395 887 4468 Chotdion
910 4395 1101 4452 verisimillime
1125 4399 1201 4470 Hory
1223 4399 1320 4469 Motky
1338 4398 1449 4453 Boii:
1553 4434 1558 4448 .
