3225 5017
399 314 465 384 Cap.
482 312 542 369 vri
560 313 691 368 Civitates
710 318 738 367 ot
750 313 799 381 jus
817 310 988 380 municipale.
1252 316 1299 363 191

107 508 244 574 Nostrae
276 508 479 575 olomucensi
511 507 552 573 de
585 507 753 590 potestatis
781 505 918 571 Nostrae
962 506 1158 588 plenitudine
1191 524 1311 590 appro,

108 614 261 698 priamus,
292 611 486 679 ratificamus
520 611 621 678 etde
655 616 742 678 certa
769 611 888 676 Nostra
918 611 1050 677 scientia
1080 611 1303 693 approbamus,

107 719 315 785 decernentes
338 723 514 784 statuentes
529 736 567 783 ac
583 722 738 802 perpetuo
753 717 857 782 edicto
874 716 1074 795 mordentes,
1090 715 1175 797 quod
1189 714 1219 778 N
1221 732 1302 780 orae

108 823 257 890 Civitatis
279 828 313 889 et
333 821 498 903 Luthovie,
522 822 742 891 Schoenberch
764 839 884 888 necnon
907 820 1040 886 aliarum
1059 819 1248 884 Nostrarum
1264 839 1301 884 ac

107 928 251 1010 episcopi
289 926 521 993 Olomucensis
552 931 586 992 et
627 926 767 991 omnium
811 926 1031 1006 religiosorum
1075 925 1302 1007 baronumque,

106 1032 261 1100 nobilium
284 1037 317 1098 et
335 1016 541 1097 wladiconum
564 1030 596 1095 in
618 1030 734 1094 Nostro
757 1029 977 1095 marchionatu
1002 1027 1204 1094 existentium
1227 1029 1303 1094 civi-

105 1143 219 1217 tatum,
253 1136 441 1220 oppidorum
474 1139 507 1200 et
539 1123 686 1199 villaium
720 1133 816 1214 cives,
851 1134 1001 1217 oppidani
1034 1152 1072 1198 ao
1103 1134 1211 1199 villani
1244 1152 1301 1200 seu

105 1242 239 1324 incolae,
263 1241 320 1325 qui
341 1241 507 1322 hucusque
525 1239 650 1324 juribus
675 1238 1004 1322 Magdeburgensibus
1035 1238 1136 1320 gavisi
1166 1242 1240 1304 sunt
1272 1243 1306 1305 et

106 1345 211 1428 potiti,
249 1346 324 1431 jura
357 1360 415 1412 sua
451 1344 607 1427 recipiant
640 1348 673 1410 et
705 1344 869 1427 requirant
901 1344 933 1408 in
967 1343 1149 1426 saepedicta
1189 1343 1305 1409 Nostro
1365 1362 1367 1371 ⁸

105 1450 312 1517 Olomucensi
335 1451 464 1517 ciuitate
487 1449 625 1533 capitali,
655 1454 689 1515 et
709 1447 822 1515 nullibi
846 1447 922 1515 alibi
946 1449 978 1514 in
1000 1453 1085 1514 terra
1106 1447 1223 1514 Nostra
1253 1449 1303 1514 vel

106 1561 199 1633 extra
219 1560 346 1636 terram,
368 1573 489 1622 necnon
519 1554 693 1620 sententias
720 1553 849 1637 jnrium,
884 1571 963 1635 quas
995 1553 1126 1636 ipsimet
1157 1551 1303 1618 diffinere

104 1679 168 1727 non
192 1664 323 1744 possent
344 1678 402 1726 seu
424 1658 572 1726 decidere
593 1659 761 1738 nescirent,
783 1659 817 1727 in
840 1659 926 1724 dicta
949 1659 1078 1724 civitate
1098 1656 1303 1726 Olomucensi

106 1766 236 1831 inantea
250 1765 413 1848 perpetuis
427 1763 623 1830 successuris
636 1763 833 1847 temporibus
848 1765 1020 1847 postulent,
1040 1764 1132 1847 juxta
1146 1763 1301 1830 dictorum

104 1870 233 1936 Jurium
258 1873 517 1952 transsumptum,
547 1868 651 1936 decidi
681 1871 715 1933 et
735 1866 870 1950 definiri,
899 1869 1018 1934 nullius
1049 1867 1214 1934 firmatetis
1246 1886 1301 1933 seu

105 1976 225 2041 valoris
246 1980 303 2042 aut
324 1974 487 2047 efficaciae
509 1973 717 2054 declarantes,
741 1974 769 2039 si
790 1992 849 2056 per
864 1991 1068 2066 quemquam,
1089 1977 1198 2039 contra
1212 1990 1303 2056 prae-

104 2080 206 2146 missa
227 2081 278 2146 vel
299 2079 526 2164 promissorum
549 2077 670 2162 aliquid
692 2078 789 2144 fuerit
812 2078 1049 2161 quomodolibet
1070 2081 1301 2160 attemptatum.

211 2202 331 2268 Harum
343 2205 531 2281 nostrarum,
557 2201 673 2284 quibus
692 2201 833 2283 sigillum
847 2205 990 2266 nostrum
1007 2198 1143 2283 appendi
1159 2198 1303 2280 fecimus,

104 2307 289 2374 testimonio
311 2291 485 2373 literarum.

210 2430 329 2496 Datum
351 2429 477 2495 Brunca
500 2427 555 2494 111.
581 2428 633 2494 die
655 2429 773 2494 mensis
796 2426 909 2494 Marcii
932 2447 961 2492 a.
986 2429 1023 2492 D.
1050 2428 1141 2494 1352.

212 2553 292 2618 (Joro
314 2552 455 2618 primos
481 2550 625 2603 Moraoa'ae.
653 2552 729 2601 1731.
759 2579 792 2588 -
820 2550 944 2618 Biscboffi
969 2548 1065 2602 Ostcrr.
1091 2547 1252 2602 Stodtrecbte
1273 2567 1301 2601 a.

106 2639 265 2709 Prioilcqieu
285 2641 359 2693 1857.
374 2657 405 2706 p.
424 2642 483 2691 110.
504 2668 538 2676 -
555 2638 661 2691 Rraadt
683 2637 754 2690 VIII.
773 2637 845 2706 150.)

212 2797 248 2862 B.
284 2797 384 2863 lura
406 2795 665 2880 muncipalis
686 2795 882 2862 civitatis
905 2795 1144 2862 Brunensis.

211 2936 312 3003 lura
334 2933 1303 3017 civitatisssrunensis,sicdiota„iura01iginalia“,
1333 3024 1337 3032 ι

103 3041 140 3106 Α.
159 3108 163 3116 ,
182 3041 388 3124 Privilegium
420 3041 506 3123 regis
539 3040 718 3106 Wenceslai
750 3039 791 3105 11.
825 3040 928 3124 majus
958 3044 991 3106 et
1023 3039 1058 3106 B.
1092 3039 1298 3122 Privilegium

103 3147 220 3226 ninus,
242 3147 282 3212 ab
305 3163 386 3212 anno
410 3145 502 3211 1243.

202 3244 285 3317 10661.
303 3250 362 3303 Jor.
382 3250 469 3302 Bocm.
487 3249 510 3300 1.
528 3250 582 3317 37.)

212 3407 336 3474 Liber
379 3406 698 3487 Sententiarum,
743 3407 806 3472 alio
843 3406 969 3476 nomine
1010 3405 1210 3490 „Manipulus
1248 3409 1298 3474 vel

105 3512 320 3577 Directorium
356 3512 438 3595 juris
480 3511 600 3577 civilis“
641 3511 755 3592 dictus,
793 3511 890 3576 etiam
926 3501 1131 3593 inscriptione
1178 3511 1298 3594 ,Casus

105 3614 248 3681 forenses
270 3615 370 3681 decisi
392 3617 564 3681 secundum
599 3616 660 3682 lus
681 3615 873 3698 municipale
906 3613 1086 3680 Brunense“
1119 3616 1297 3699 insignitus.
1404 3642 1406 3648 ’

106 3719 259 3787 Collectio
280 3719 507 3786 sententiarum
529 3738 588 3803 per
607 3719 768 3785 loannem
782 3720 941 3786 notarium
959 3718 1154 3786 Brunensem
1170 3740 1196 3787 a.
1216 3722 1299 3790 1365

108 3826 148 3890 ad
171 3823 265 3892 linem
287 3824 425 3891 redacta.

211 3948 272 4016 (Dr.
302 3949 333 4003 E.
364 3949 410 4003 m.
442 3948 548 4001 Rdeslcr
576 3947 705 4000 Deouana
735 3947 978 4002 Recbtadcnlemdlcr
1011 3965 1060 4000 our
1095 3948 1210 4002 demcu
1245 3952 1301 4002 aad

106 4035 218 4088 ideirco
244 4036 294 4087 II:
324 4035 377 4090 Dic
405 4036 566 4089 &carrecta
588 4051 638 4086 ooo
661 4034 755 4087 Britan
779 4053 827 4086 aus
853 4036 911 4088 dem
935 4035 1013 4088 XIII.
1039 4037 1094 4088 oud
1115 4035 1161 4088 XI
1165 4037 1189 4090 V.
1221 4039 1299 4090 Jahr-

106 4124 218 4178 lroadert
237 4127 312 4177 1852.
339 4124 361 4178 1.
382 4124 441 4177 Dar
460 4122 660 4192 suboffendant)

208 4281 347 4346 loannes
370 4332 377 4348 .
402 4331 409 4347 .
434 4331 441 4346 .
464 4280 576 4346 incolis
599 4279 834 4348 Minioensibus
857 4332 864 4346 .
889 4282 1018 4348 .omnia
1040 4301 1166 4366 quoque
1177 4282 1250 4364 J'ura
1264 4286 1297 4346 et

108 4384 278 4450 sententias
301 4404 384 4467 quae
414 4384 489 4450 alibi
523 4403 617 4467 quam
638 4383 671 4449 in
694 4384 825 4452 civitate
846 4385 963 4452 Nostra
992 4385 1149 4452 Brunensi
1177 4385 1297 4454 dictata
