3225 5017
489 353 555 422 Cup.
573 351 647 408 VHL
669 352 724 410 Res
742 351 950 408 ecclesiasticae.
1261 357 1312 407 205

116 567 176 632 per
197 550 367 631 byrretum,
392 549 476 632 quod
491 549 559 630 ipse
575 548 713 612 decanus
727 552 802 612 tunc
820 549 966 628 gestabat
980 549 1013 612 in
1028 548 1141 629 capite,
1164 547 1312 613 duximus

117 657 273 736 perpetuo
305 653 547 732 investiendum,
587 652 698 717 dantes
736 656 768 716 et
803 652 975 732 largientes
1012 654 1245 734 imperpetuum
1274 672 1312 718 ao

117 762 272 839 perpetuo
290 760 363 841 jure
385 757 593 840 possidendas
627 761 660 822 et
691 756 854 822 habendas
887 755 989 821 dictas
1019 756 1158 821 decimas
1190 759 1313 839 argenti

117 864 150 926 in
165 861 319 944 praefatis
335 861 647 944 argentifodinisfseu
670 861 703 924 in
725 861 842 926 urbora
863 860 984 924 metalli
999 862 1120 943 argenti
1140 881 1198 944 per
1211 866 1312 927 totum

116 986 250 1048 regnum
283 967 432 1032 Boemiae
462 967 625 1050 praefatae
658 965 828 1048 Pragensis
862 966 1017 1030 ecclesiae
1046 985 1103 1048 pro
1125 966 1246 1033 fabrica
1280 970 1312 1032 et

112 1069 271 1138 aedificiis
300 1072 367 1136 suis
396 1073 502 1152 novis3
536 1076 569 1138 et
597 1073 699 1163 primo
730 1089 787 1153 pro
817 1071 933 1136 decore
968 1076 1001 1136 et
1034 1073 1229 1137 exaltacione
1252 1090 1309 1136 seu

117 1179 281 1241 structura
299 1177 536 1258 sepulchrorum
550 1177 714 1243 beatorum
729 1175 927 1240 Wenczeslai
942 1179 975 1240 et
988 1173 1162 1256 Adalberti,
1178 1194 1311 1260 quorum

119 1299 254 1363 corpora
276 1282 352 1348 inibi
376 1281 538 1346 recondita
559 1281 695 1346 feliciter
724 1281 873 1361 existunt,
904 1300 974 1345 oum
1004 1282 1163 1362 argenteis
1195 1282 1312 1347 tabulis

117 1390 152 1450 et
190 1387 381 1468 imaginibus
418 1386 589 1466 deauratis
628 1406 698 1451 oum
736 1386 869 1467 gemmis
900 1389 933 1449 et
961 1385 1121 1467 lapidibus
1150 1386 1312 1468 preciosis,

117 1490 260 1555 secundo
290 1508 346 1572 pro
381 1508 462 1555 nova
492 1489 611 1556 fabrica
645 1495 677 1554 et
706 1491 902 1556 exaltacione
930 1492 1004 1556 novi
1035 1490 1122 1554 chori
1145 1495 1178 1554 et
1199 1491 1313 1555 deinde

116 1614 178 1678 pro
202 1600 360 1660 structura
382 1615 463 1661 noua
486 1600 518 1661 et
539 1595 662 1662 factura
684 1596 800 1677 insigni
824 1598 856 1661 et
884 1593 1052 1677 magnifica
1080 1595 1183 1660 tocius
1213 1597 1313 1661 eoele—
1381 1580 1383 1585 ¹

115 1701 189 1765 siae
209 1701 403 1782 praelibatae
425 1701 465 1764 de
487 1701 596 1766 labore
618 1704 651 1765 et
672 1719 768 1782 opere
790 1700 958 1765 excellenti
979 1699 1133 1765 faciendis
1155 1701 1312 1784 usquead

114 1806 383 1886 complementum
415 1808 516 1888 ipsius
549 1807 656 1885 totale,
690 1810 784 1888 prout
813 1807 927 1872 melius
957 1810 990 1871 et
1019 1807 1159 1870 sanctius
1187 1807 1222 1871 in
1246 1809 1313 1872 tam

115 1912 231 1974 sancto
255 1914 286 1974 et
307 1910 424 1992 insigni
445 1911 514 1975 loco
537 1911 697 1976 videbitur
719 1911 877 1993 expedire.

224 2013 307 2081 (Orip.
326 2014 407 2078 capit.
426 2016 503 2082 Proy.
523 2015 619 2077 Emlcr,
638 2015 689 2070 III.
704 2018 790 2081 1029.)

111 2189 289 2253 Statuta
326 2188 546 2271 synodalia
582 2189 772 2256 dioecesi
809 2190 1013 2274 Pragensi
1049 2191 1097 2256 ab
1133 2189 1312 2256 Ernesto

112 2295 320 2375 episcopo
342 2292 408 2358 die
432 2294 481 2359 18.
507 2294 704 2362 Octobris
728 2297 812 2361 1343
834 2296 1112 2377 praescripta.

227 2432 323 2498 (Eroti.
330 2449 399 2484 mun.
406 2432 571 2486 bibliothocae
578 2433 679 2488 aulicae
691 2434 968 2500 Vindoboaenoiatypia
974 2434 1111 2499 exscripsit
1117 2435 1158 2488 dr.
1166 2435 1198 2486 B.
1207 2434 1313 2485 Dudilc:

113 2518 1313 2588 „Synodal-StotuteudeoBircbosrAruootoooPardabitzvomw.Ort.1343.Br12uo1872.)

225 2695 447 2761 Ecclesiae
484 2696 710 2782 Pragensis
748 2696 1067 2763 transformatio
1105 2697 1145 2760 in
1182 2696 1313 2761 ecole-

110 2803 224 2868 siam
246 2800 620 2883 metropolitanam,
644 2801 858 2884 adjunctis
881 2801 1084 2866 ecclesiis
1101 2802 1314 2883 episcopa·

108 2907 233 2972 libus
265 2903 532 2970 Olomuoensi
555 2909 595 2971 et
617 2905 957 2989 Lutomysliensi.
991 2907 1083 2987 1344.
1108 2904 1311 2986 3011011111.

225 3042 371 3109 Clemens
400 3043 577 3127 episcopus,
601 3062 711 3112 servus
742 3063 905 3111 servorum
935 3045 1004 3110 Dei.
1049 3044 1100 3109 Ad
1125 3048 1312 3127 perpetuam

108 3150 165 3214 rei
190 3149 383 3214 memoriam.

223 3253 272 3317 Ex
295 3271 450 3335 supernae
472 3253 672 3335 providentia
693 3256 872 3321 maiestatis
893 3256 1054 3321 Romanus
1076 3254 1218 3338 pontifex
1238 3271 1311 3319 oon-

110 3360 253 3424 stitutus
275 3358 309 3422 in
332 3375 499 3440 supremae
518 3359 648 3441 specula
670 3360 843 3441 dignitatis,
868 3361 951 3426 cirea
972 3378 1101 3442 gregem
1123 3359 1315 3424 dominicum

111 3479 200 3528 suae
223 3478 318 3526 curae
341 3461 543 3526 commissum
565 3465 598 3527 ot
616 3462 820 3528 ecelesiarum
836 3463 1021 3547 profectum,
1045 3467 1139 3546 prout
1154 3482 1193 3528 ex
1208 3463 1314 3528 debito

111 3565 226 3639 eidem
248 3564 402 3630 incumbit
423 3563 519 3630 officii
541 3568 718 3648 pastoralis,
754 3568 923 3650 diligenter
944 3569 1098 3651 prospicit
1126 3567 1315 3633 etintendit

110 3675 151 3737 et
174 3669 382 3734 ecclesiarum
403 3670 545 3752 ipsarum
567 3675 685 3737 statum
707 3677 810 3738 mutat
824 3677 857 3737 et
870 3673 1021 3738 honorem
1036 3672 1198 3752 accrescit,
1218 3676 1313 3753 prout

111 3780 263 3858 ipsorum
285 3773 492 3840 ecclesiarum
507 3779 540 3840 et
553 3775 693 3840 looomm
704 3777 838 3857 requirit
850 3778 1034 3858 necessitas,
1051 3796 1168 3842 causae
1179 3777 1315 3842 suadent

113 3876 342 3957 racionabiles,
380 3877 527 3942 catholici
560 3880 669 3962 populi
710 3886 913 3962 augmentum
946 3882 1125 3964 expostulat
1160 3885 1193 3947 et
1229 3881 1315 3946 salus

113 3983 222 4065 exigit
243 3981 427 4047 animarum.

227 4101 309 4167 Sane
342 4101 465 4194 pridem
494 4121 551 4184 pro
584 4108 674 4185 parte
712 4105 867 4171 carissimi
896 4107 928 4171 in
959 4105 1086 4171 Christo
1114 4103 1173 4171 filii
1205 4105 1314 4186 nostri,

115 4209 139 4275 J
143 4208 281 4273 ohannis
302 4206 387 4288 regis
410 4205 560 4273 Boemiae
583 4208 727 4288 illustris,
751 4213 784 4274 et
798 4210 906 4276 dilecti
928 4209 987 4275 filii
1001 4211 1115 4277 nobilis
1130 4211 1192 4276 viri
1205 4209 1316 4276 Karoli

114 4310 314 4378 marchionis
336 4310 555 4392 Moraviensis,
579 4313 780 4394 primogeniti
796 4315 855 4394 sui,
881 4334 984 4380 coram
999 4315 1089 4382 nobis
1109 4319 1142 4380 et
1163 4313 1314 4380 fratribus

111 4416 238 4483 nostris
261 4418 388 4481 sanotae
402 4414 564 4482 Romanae
594 4417 747 4484 ecclesiae
770 4418 982 4484 cardinalibus
1005 4419 1184 4501 expositum
1207 4417 1314 4485 extitit
