3225 5017
215 344 217 351 .
309 305 359 355 190
612 299 677 370 Cap.
695 297 754 355 Vll.
774 301 904 384 Civitates
922 307 949 356 ct
963 278 1010 369 jus
1029 301 1200 370 municipale.
1228 355 1229 360 ,

305 515 387 563 nunc
420 510 528 560 sumus
557 498 594 559 et
622 494 655 560 in
688 499 850 578 posterum
883 493 1045 576 fuerimus,
1076 495 1116 560 ad
1139 495 1277 578 speciale
1308 497 1486 562 mandatum

306 621 365 673 ser.
397 599 558 683 principis,
582 599 708 665 Domini
737 599 846 664 Nostri
876 599 980 668 Caroli
1008 599 1098 666 Rom.
1130 600 1224 682 regis,
1248 597 1380 666 firmiter
1399 603 1487 668 nobis

305 705 456 771 traditum
477 721 535 770 neo
551 722 619 779 ¹non
649 704 689 770 de
722 704 878 772 communi
908 720 1062 771 consensu
1092 709 1125 770 et
1154 705 1315 770 voluntate
1345 725 1493 790 expressa

305 810 463 876 seniorum
484 810 682 876 scabinorum
704 814 736 874 et
761 810 939 892 juratorum
967 814 1153 891 nostrorum,
1184 810 1340 876 universis
1369 811 1488 878 civibus

306 917 338 980 in
362 914 509 980 Olmuntz
531 933 614 1000 nunc
640 915 848 980 existentibus
871 920 904 980 et
925 915 958 980 in
979 919 1142 997 posterum
1165 917 1359 982 successuris
1390 919 1492 986 omnia

306 1019 444 1086 civitatis
465 1019 603 1086 Nostrae
615 1021 703 1103 jura,
730 1024 829 1102 vprout
849 1021 936 1104 apud
962 1038 1020 1085 nos
1042 1024 1216 1114 servantur,
1247 1021 1438 1104 pertigimus
1461 1027 1493 1087 et

306 1125 466 1190 donamus.
489 1125 539 1189 Ita
561 1144 696 1209 quoque,
719 1129 756 1190 ut
777 1127 877 1208 super'
895 1125 1039 1191 omnibus
1063 1126 1167 1191 causis
1189 1129 1254 1191 tam
1276 1127 1384 1210 parvis
1399 1147 1493 1210 quam

220 1306 222 1313 Ι
289 1229 427 1313 magnis
450 1229 572 1295 civibus
594 1229 777 1311 praedictae
800 1231 938 1298 civitatis
972 1230 1144 1299 Olomuncz
1177 1230 1432 1298 incumbentibus
1461 1232 1494 1297 in

304 1335 390 1422 omni
408 1335 481 1418 jure
502 1333 543 1399 ad
564 1337 705 1402 nostram
735 1335 895 1414 civitatem
924 1335 1159 1402 wratislaviam
1188 1336 1417 1419 perpetualiter
1444 1356 1493 1403 re-

306 1458 433 1504 cursum
454 1438 571 1505 habere
587 1438 725 1507 debeant
747 1443 780 1508 et
793 1446 983 1524 respectum,
999 1459 1125 1524 unaque
1139 1441 1303 1509 nobiscum
1319 1443 1359 1508 de
1374 1442 1494 1508 eisdem

301 1544 427 1627 juribus
447 1545 481 1610 in
502 1544 645 1627 praelata
666 1545 796 1613 civitate
817 1546 880 1611 frui
903 1550 935 1612 et
957 1546 1096 1628 gaudere
1118 1564 1182 1630 pro
1206 1547 1348 1630 ipsorum
1379 1548 1493 1613 civium

307 1648 469 1713 commodo
513 1652 546 1714 et
581 1649 709 1716 honore.
743 1649 866 1717 Hanum
894 1653 1072 1716 nostrarum
1109 1652 1290 1718 testimonio
1323 1653 1493 1720 literarum.

304 1753 422 1818 Datum
444 1772 524 1819 anno
549 1754 647 1835 1351,
670 1756 703 1820 in
725 1755 835 1838 vigilia
856 1755 954 1822 Puris.
978 1757 1006 1822 b.
1031 1755 1153 1822 Mariae
1174 1754 1211 1821 V.
1236 1756 1276 1838 gl.

409 1858 464 1926 (Fiat
481 1857 545 1927 erip.
565 1858 613 1925 cio,
632 1857 713 1912 Olom.
731 1858 857 1927 Bisthoff,
876 1860 1016 1933 Deutrcbcs
1034 1860 1122 1929 matt,
1146 1859 1207 1914 Uro.
1225 1859 1299 1914 XIV.
1319 1860 1388 1927 XV.)

410 2014 502 2081 1352.
526 2017 555 2081 3.
574 2013 690 2081 Martii.
714 2016 780 2082 Nos
794 2015 816 2081 J
818 2017 955 2084 ohannes
971 2018 1032 2084 Dei
1047 2018 1150 2100 gratia
1165 2017 1306 2087 marchio
1321 2017 1494 2099 Moraviae,

304 2124 413 2185 notum
434 2118 568 2185 iacimus
591 2119 756 2203 universis,
780 2121 865 2204 quod
887 2121 970 2187 inter
993 2125 1126 2203 caetera,
1158 2141 1239 2204 quse
1271 2122 1494 2189 sollicitudinis

304 2224 440 2292 Nostrae
473 2244 549 2290 cura
579 2226 726 2291 continua
748 2226 954 2292 meditatione
977 2225 1186 2310 amplectitur,
1209 2226 1288 2292 illud
1316 2227 1494 2294 considera-

304 2332 383 2397 tioni
423 2330 559 2397 Nostrae
596 2332 717 2397 occurit
752 2331 933 2415 praecipue,
980 2332 1117 2416 qualiter
1153 2332 1314 2398 civitatem
1347 2332 1496 2398 Nostram

306 2436 448 2516 Olomuo,
481 2454 562 2519 quae
594 2436 627 2500 in
663 2435 780 2501 Nostro
814 2436 1030 2502 marchionatu
1061 2436 1205 2519 capitalis
1237 2437 1354 2517 existit,
1392 2437 1496 2520 dignis

308 2540 537 2624 praerogativis
560 2544 593 2605 et
614 2539 724 2622 gratiis
747 2540 896 2606 colamus.
930 2540 1008 2606 Cum
1030 2541 1129 2624 igitur
1150 2540 1321 2608 advocatus
1343 2560 1382 2606 ao
1399 2542 1498 2625 jurati

305 2665 342 2712 ac
371 2645 563 2711 universitas
591 2645 693 2727 ipsius
727 2644 875 2726 civitatis,
910 2643 1019 2712 fideles
1049 2645 1158 2711 Nostri
1192 2641 1311 2726 dilecti,
1344 2645 1496 2712 hactenus

302 2753 373 2834 jura
395 2769 453 2816 sua
474 2750 547 2816 hinc
568 2750 643 2816 inde
664 2751 850 2834 receperint,
874 2752 907 2816 in
928 2750 1019 2818 Nova
1042 2751 1180 2818 civitate
1202 2750 1253 2816 vel
1275 2768 1333 2834 per
1354 2751 1492 2834 amplius

305 2860 394 2922 extra
425 2855 576 2920 terminos
608 2853 717 2921 Nostri
750 2855 984 2922 marchionatus
1017 2857 1050 2921 in
1078 2854 1304 2938 Vreudenthal,
1334 2874 1396 2920 non
1428 2855 1495 2922 sine

305 2962 446 3044 ipsorum
467 2960 603 3025 maximo
626 2959 790 3043 dispendio
814 2966 846 3027 et
868 2962 927 3028 sub
949 2960 1093 3044 plurimis
1116 2979 1222 3026 rerum
1237 2979 1275 3026 ac
1289 2967 1495 3044 personarum

305 3084 434 3130 suarum
465 3063 615 3146 periculis
652 3067 685 3129 et
718 3064 880 3148 impensis,
918 3065 981 3148 ipsi
1012 3069 1175 3148 tamquam
1206 3063 1267 3131 viri
1300 3064 1427 3148 providi
1466 3068 1497 3129 et

304 3168 434 3234 discreti
457 3169 496 3234 ab
519 3167 699 3250 hujusmodi
722 3169 885 3251 cupientes
908 3169 1092 3252 dispendiis,
1116 3169 1267 3253 periculis
1289 3171 1322 3234 et
1348 3168 1494 3252 expensis

305 3273 338 3338 in
378 3276 540 3355 postemm
577 3271 767 3354 supportari,
804 3272 906 3339 Jura
950 3273 1335 3356 Magdeburgensia,
1382 3275 1494 3358 quibus

305 3377 418 3443 civitas
439 3375 709 3442 Wratislaviensis
731 3375 840 3458 utitur,
862 3397 920 3460 pro
934 3365 978 3444 ⁴se
1001 3397 1122 3462 suaque
1145 3378 1274 3443 civitate
1296 3377 1441 3462 praefata
1456 3377 1494 3444 de

304 3482 421 3548 Nostro
444 3499 598 3547 consensu
614 3484 646 3546 et
660 3499 792 3546 assensu
804 3501 842 3548 ac
858 3483 989 3565 speciali
1005 3483 1203 3549 conniventia
1217 3484 1493 3568 transcripserunt

408 3620 449 3686 Ei
458 3621 579 3685 ratione
588 3619 881 3703 igiturperspicuae
889 3623 1158 3704 considerationis,
1169 3622 1404 3689 considerantes
1414 3624 1495 3708 quod

306 3727 410 3792 dictae
425 3725 546 3791 civitati
561 3724 697 3790 Nostrae
713 3723 856 3807 Olomuc,
879 3726 942 3792 imo
958 3729 1098 3795 omnium
1116 3728 1251 3795 aliarum
1264 3726 1452 3795 Nostrorum
1466 3731 1497 3794 et

308 3849 564 3913 quarumcunque
585 3830 619 3894 in
639 3829 756 3895 Nostro
778 3829 996 3898 marchionatu
1011 3833 1184 3914 civitatum,
1201 3831 1388 3918 oppidorum
1403 3837 1496 3916 atque

305 3934 451 4001 villarum
473 3935 724 4015 constitutarum,
747 3953 829 4017 quae
848 3934 1013 4021 hucusque
1031 3937 1157 4022 juribus
1172 3936 1495 4022 Mogdeburgensibus

196 4113 200 4119 ,
306 4040 435 4122 gavisae
450 4044 531 4120 suut,
548 4037 686 4104 conditio
702 4058 741 4104 ex
756 4057 794 4104 eo
810 4041 927 4121 poterit
938 4041 1156 4125 multipliciter
1169 4043 1338 4124 meliorari,
1355 4043 1494 4126 praefata

306 4143 386 4210 lura
398 4141 684 4225 Magdeburgensia
698 4147 794 4225 prout
809 4141 849 4209 de
864 4146 959 4212 verbo
974 4147 1015 4211 ad
1030 4148 1162 4216 verbum
1176 4147 1209 4212 in
1225 4147 1408 4233 supradicta
1423 4148 1495 4213 civi·

307 4255 374 4314 tate
393 4248 635 4327 Wratislaviens
650 4250 865 4331 transsumpta
887 4254 920 4316 et
933 4251 1088 4334 rescripta
1103 4271 1140 4318 ao
1155 4253 1187 4317 in
1204 4250 1405 4335 supradictae
1421 4252 1492 4320 civi·
1552 4343 1553 4350 ἵ

306 4353 383 4418 tatis
405 4351 625 4420 Olomucensis
647 4352 728 4418 libro
751 4353 903 4421 contineri
926 4355 1140 4439 dinoscuntur,
1161 4356 1353 4440 jamdictae
1377 4357 1493 4423 civitat
