3225 5017
789 304 884 352 110
1611 300 1743 370 Gap.
1778 301 1873 354 ΠΙ.
1909 300 2019 355 Res
2055 300 2334 356 militares,

781 497 1165 579 negligentia
1197 497 1638 562 committatur.
1688 497 1871 574 Quod
1918 496 1973 561 si
2010 497 2190 562 vobis
2235 495 2304 562 id
2331 497 2544 580 ipsum
2569 497 2928 569 faciendum
2970 519 3155 582 grave

782 604 960 681 foret,
1009 620 1086 666 ex
1128 605 1279 666 tunc
1325 606 1562 666 certam
1592 602 1899 683 pecuniae
1930 620 2238 667 summam
2266 602 2333 666 in
2362 602 2568 668 vicem
2600 609 2666 668 et
2693 605 2832 670 loco
2865 624 3154 670 curruum

789 710 853 772 st
893 705 1265 777 victualium
1309 706 1672 788 hujusmodi
1733 703 2107 772 officialibus
2151 705 2401 772 Nostris
2445 726 2562 791 per
2603 727 2715 774 vos
2760 710 3046 775 volumus
3086 707 3155 773 fi-

785 811 1012 876 naliter
1054 810 1382 892 assignari.

993 949 1070 1016 (E
1099 951 1208 1003 cod.
1247 949 1406 1017 capit.
1443 950 1603 1020 Pray.
1640 949 1815 1006 Form,
1852 950 1925 1002 ΙΙ.
1965 949 2104 1017 143.)

995 1124 1182 1190 1394.
1227 1124 1269 1190 J
1288 1124 1651 1190 ohannes
1696 1124 1819 1190 Dei
1848 1125 2053 1207 gratia
2094 1123 2376 1191 marchio
2406 1125 2568 1207 B-,
2612 1127 2913 1194 Lusatiae
2944 1132 3009 1194 et
3036 1127 3158 1194 dux

785 1231 1187 1297 Gorlicensis
1272 1230 1525 1295 Fideles
1560 1228 1820 1295 dilecti!
1880 1229 2223 1311 Noveritis,
2288 1230 2458 1313 quod
2516 1233 2582 1296 in
2626 1234 2905 1298 exercitu
2948 1237 3158 1298 nostro

785 1335 1100 1402 defectum
1144 1335 1422 1418 patimur
1464 1335 1529 1399 in
1559 1334 1955 1399 necessariis.
2003 1334 2155 1398 Ideo
2202 1334 2537 1401 scribimus
2570 1336 2931 1402 civitatibus
2959 1338 3010 1402 P
3041 1389 3054 1403 .
3090 1388 3103 1404 .
3140 1390 3151 1403 .

781 1445 853 1505 ut
879 1440 1062 1507 nobis
1095 1442 1160 1505 et
1189 1439 1492 1505 exercitui
1520 1443 1736 1505 nostro
1766 1441 1932 1519 vina,
1964 1457 2180 1521 paneS,
2214 1440 2604 1521 cerevisiam,
2642 1441 2893 1522 babata‚
2934 1442 3159 1523 clavoS,

781 1546 910 1612 tela
955 1562 1068 1610 seu
1113 1543 1381 1626 sagittas
1440 1544 1673 1609 adduci
1717 1547 2056 1626 procm·ent
2112 1549 2437 1628 tamquam
2495 1545 2578 1610 ad
2628 1544 2835 1611 forum
2876 1547 3158 1627 liberum,

785 1650 935 1736 quia
981 1650 1062 1715 de
1106 1649 1282 1715 salvo
1328 1653 1392 1715 et
1437 1667 1660 1715 securo
1706 1649 2018 1715 conductu
2064 1649 2129 1714 in
2158 1649 2263 1715 via
2292 1668 2407 1732 pro
2440 1649 2747 1716 ducendis
2789 1652 3159 1717 necessariis

789 1753 1145 1821 curabimus
1187 1754 1522 1837 providere
1568 1754 1650 1835 de
1694 1753 1880 1818 domo
1924 1754 2008 1818 ad
2051 1753 2325 1835 domum,
2388 1757 2453 1818 et
2510 1755 2679 1838 quod
2724 1754 2917 1820 etiam
2960 1757 3163 1821 omnia

785 1859 1140 1924 necessaria
1184 1877 1325 1923 cum
1369 1862 1594 1941 parata
1636 1858 1907 1942 pecunia
1950 1857 2295 1926 secundum
2325 1877 2545 1925 verum
2574 1859 2854 1925 valorem
2897 1858 3164 1926 debeant

785 1964 1075 2048 persolvi.
1123 1963 1334 2044 Quare
1377 1963 1558 2030 vobis
1603 1963 1996 2043 mandamus,
2057 1966 2368 2046 quatenus
2413 1963 2583 2046 apud
2628 1962 2832 2029 dictas
2877 1965 3162 2031 civitates

785 2069 1122 2151 diligenter
1157 2069 1398 2134 instare
1426 2069 1660 2148 velitiS,
1704 2072 1778 2132 ut
1821 2086 2199 2150 unaquaque
2245 2068 2486 2149 civitaS,
2512 2069 2695 2151 juxta
2732 2087 2918 2135 suum
2960 2088 3165 2152 posse,

785 2175 947 2254 vina,
971 2191 1186 2256 panes,
1213 2174 1604 2255 cerevisiam,
1630 2171 1878 2252 babata,
1906 2173 2137 2253 clavos,
2168 2172 2315 2254 tela,
2346 2172 2612 2254 sagittas
2636 2174 2834 2239 veluti
2864 2174 2946 2239 ad
2967 2173 3169 2238 forum

785 2280 1053 2346 liberum
1095 2279 1275 2345 nobis
1323 2281 1661 2361 procurent
1718 2277 1968 2358 adduci,
2028 2282 2219 2360 prout
2274 2281 2490 2342 nostra
2548 2277 2788 2360 maiora
2840 2278 3172 2360 dispendia

789 2385 1049 2467 supiunt
1078 2383 1349 2462 evitare3
1382 2402 1529 2448 nam
1557 2382 1663 2446 hic
1691 2381 2055 2448 necessaria
2082 2400 2206 2446 non
2234 2398 2571 2463 possumus
2601 2381 2903 2447 invenire.
2937 2383 3171 2448 Datum

785 2492 850 2552 in
892 2488 944 2553 P
989 2538 1003 2554 .
1053 2538 1067 2553 .
1117 2538 1131 2553 .
1181 2539 1194 2553 .
1258 2487 1382 2550 Per
1446 2486 1773 2551 dominum
1841 2485 2070 2551 ducem
2125 2485 2399 2550 Hersoni
2466 2485 2930 2551 subcamerario
2997 2487 3171 2569 regni

789 2594 1085 2660 Boemiae
1130 2597 1196 2658 et
1237 2591 1556 2658 Kunssoni
1600 2591 1942 2674 burgravio
1987 2589 2078 2671 P.,
2124 2587 2420 2656 fidelibus
2464 2589 2698 2656 nostris
2746 2590 3015 2655 dilectis.

992 2733 1070 2798 (E
1101 2733 1212 2784 cod.
1255 2731 1468 2785 Trebon.
1507 2732 1681 2783 fibrm.
1718 2730 1793 2783 II.
1832 2731 1973 2796 144.)

992 2906 1230 2972 Fidelis
1273 2905 1507 2971 Noster
1550 2905 1816 2971 dilecte!
1870 2904 2237 2971 Necessitas
2278 2909 2631 2987 opportuna
2673 2903 2871 2970 Nobis
2917 2903 3172 2985 ingruit,

789 3018 858 3077 ut
898 3013 1203 3095 populum
1246 3016 1464 3093 aptum
1508 3011 1575 3075 in
1620 3011 1866 3076 actibus
1912 3008 2290 3074 militaribus
2324 3026 2439 3073 seu
2469 3008 2868 3074 clientalibus
2913 3008 3167 3088 penitus

789 3119 1166 3196 habeamus3
1228 3134 1424 3199 quare
1465 3116 1583 3182 tibi
1640 3115 1879 3180 seriose
1937 3115 2381 3198 praecipimus,
2445 3117 2544 3194 ute
2564 3111 3001 3195 congregando
3048 3112 3173 3176 sin-

789 3223 966 3304 gulos
1012 3222 1354 3303 omagiales
1400 3220 1791 3303 pertinentes
1836 3219 1918 3284 ad
1962 3217 2265 3284 Nostrum
2310 3223 2585 3284 castrum
2631 3216 3019 3299 Potenstayn
3063 3217 3175 3280 sti-

791 3326 1296 3412 pendiariosque,
1344 3343 1629 3407 quosque
1672 3324 1909 3390 habere
1953 3325 2263 3407 poteritiS,
2325 3342 2518 3406 super
2560 3321 2792 3388 Nostro
2836 3321 3176 3403 acquirens

793 3432 1123 3514 stipendio,
1177 3432 1242 3496 in
1284 3431 1448 3496 festo
1495 3429 1553 3494 S.
1602 3429 1964 3495 Wenceslai
2024 3429 2305 3511 proximo
2353 3446 2565 3493 coram
2608 3424 2807 3492 Nobis
2852 3425 2920 3489 in
2966 3428 3180 3489 castro

789 3536 1092 3619 Carsstyn
1137 3539 1202 3599 te
1247 3533 1491 3612 offereS,
1541 3531 1787 3614 gratiae
1832 3531 1949 3597 sub
1996 3531 2273 3598 obtentu.

995 3673 1170 3739 (Cano.
1221 3673 1386 3726 Wenc.
1431 3702 1498 3710 -
1534 3673 1721 3736 Pelzel,
1757 3673 1827 3723 K.
1876 3671 2074 3724 Wenzcl
2109 3673 2251 3738 241.)

995 3847 1534 3914 Wenceslaus
1581 3886 1667 3894 —
1712 3846 2037 3928 Magistris
2085 3845 2335 3924 civium,
2400 3843 2779 3921 consulibus,
2835 3841 3067 3924 juratis
3120 3842 3182 3904 et

793 3954 1342 4020 communitatibus
1406 3952 1731 4018 districtus
1776 3951 1826 4015 P
1872 4001 1885 4016 .
1936 4001 1950 4016 .
2001 4001 2014 4016 .
2064 4001 2077 4014 .
2134 3948 2440 4031 gratiam!
2488 3984 2573 3994 —
2617 3946 2871 4011 Fideles
2928 3942 3182 4009 dilecti!

793 4059 957 4138 Quia
1000 4058 1082 4122 ad
1126 4077 1348 4140 pacem
1407 4062 1473 4122 et
1530 4055 2052 4137 tranquillitatem
2106 4053 2378 4120 subditis
2421 4051 2672 4117 Nostris
2718 4047 3185 4133 procurandam

793 4167 856 4228 ct
883 4163 1162 4228 hostium
1191 4161 1566 4236 Nostrorum
1595 4161 1976 4243 proterviam
2016 4159 2284 4224 viriliter
2322 4154 2859 4236 compescendam,
2906 4153 3184 4218 famosos

793 4267 932 4333 Joh.
999 4268 1078 4333 de
1123 4268 1220 4332 L.
1271 4317 1284 4332 .
1334 4317 1348 4331 .
1399 4271 1464 4331 et
1505 4265 1604 4330 W.
1654 4265 1739 4329 de
1780 4264 1830 4330 C
1862 4314 1878 4330 .
1920 4314 1934 4329 .
1985 4313 1999 4328 .
2049 4262 2414 4344 capitaneos
2456 4258 2832 4323 Nostrarum
2898 4256 3184 4339 gentium

793 4376 1173 4438 armatarum
1220 4390 1362 4437 cum
1395 4370 1773 4436 Nostrorum
1816 4386 2131 4434 armorum
2174 4364 2467 4446 gentibus
2499 4366 2717 4428 contra
2763 4365 2829 4425 et
2874 4360 3181 4427 adversus
