3225 5017
484 301 548 371 Gap.
566 301 626 354 XII.
653 303 759 355 Stratae
777 309 805 356 et
823 304 1019 357 commercium.
1222 348 1224 354 ,
1299 314 1349 361 337

149 515 258 560 eorum
284 495 427 561 cunibus
451 501 484 561 et
505 497 597 578 bigis,
620 497 711 576 bona,
737 515 788 560 res
814 503 847 562 et
869 515 991 565 merces
1013 498 1046 562 in
1068 499 1150 580 ipsis
1163 499 1350 565 ducentibus

144 621 165 666 a
197 602 378 667 civitatibus
411 601 537 666 Nostris
570 601 789 681 Tachoviensi,
824 601 1070 682 Pirimbergensi
1107 609 1140 667 et
1181 603 1348 686 Tepelensi

146 723 258 771 versus
279 705 415 787 Pragam
437 706 557 771 directo
579 706 706 773 tramite
728 707 790 771 iter
820 725 944 772 sumere
967 707 1113 778 ‚debeant
1144 713 1176 771 et
1206 709 1348 790 recipere

144 829 202 892 per
223 810 341 875 dictam
364 809 526 876 civitatem
547 810 730 891 Misensem,
751 815 784 875 et
797 829 860 875 non
883 809 968 877 alibi.
992 809 1072 875 Viae
1095 828 1190 876 versa
1222 831 1347 895 quoque

148 914 188 978 de
212 916 395 982 civitatibus
420 916 581 997 Pragensi,
612 915 757 984 Plsnensi
789 921 822 980 et
850 915 1085 998 Nepomucensi
1116 933 1227 980 versus
1257 937 1348 997 prae-

147 1018 249 1085 dictas
273 1021 418 1086 civitates
444 1040 515 1085 cum
539 1020 672 1102 singulis
693 1021 917 1100 mercimoniis,
947 1021 1042 1085 rebus
1066 1020 1220 1102 ethonis,
1251 1040 1346 1102 pecn-

145 1124 238 1190 dibus
262 1130 294 1190 et
315 1126 482 1209 pecoribus
505 1144 563 1208 per
585 1124 719 1189 eandem
744 1125 906 1189 civitatem
921 1125 1103 1204 Misensem,
1121 1127 1155 1187 et
1174 1141 1236 1188 non
1259 1126 1344 1207 alibi,

144 1231 316 1308 transeant,
351 1229 651 1294 contradictionibus
683 1233 715 1293 et
736 1228 972 1310 impedimentis
1007 1228 1202 1310 quibuslibet
1235 1232 1345 1312 procul

143 1333 248 1398 motis.
272 1332 425 1398 Volumus
447 1339 553 1399 tamen
575 1354 633 1416 per
655 1333 839 1417 hujusmodi
862 1333 1030 1398 transitum
1053 1334 1187 1398 teloneis
1211 1339 1244 1398 et
1272 1354 1344 1400 eon-

144 1436 292 1525 duotibus
325 1438 451 1503 Nostris
486 1443 518 1503 et
551 1456 769 1503 successorum
802 1437 1000 1518 Nostrorum,
1035 1456 1145 1518 regum
1178 1437 1342 1520 Boemiae,

142 1541 264 1606 nullum
286 1544 414 1624 penitus
437 1543 666 1626 praejudicium
689 1544 842 1624 generari.

246 1680 434 1748 Mandemus
457 1683 554 1748 etiam
575 1682 754 1764 burgraviis
776 1681 903 1746 Nostris
925 1680 958 1746 in
980 1679 1078 1744 Turta
1106 1686 1139 1745 et
1162 1680 1341 1762 Pfrimberg

141 1804 264 1850 necnon
283 1786 455 1869 judicibus,
485 1787 646 1869 magistris
677 1786 802 1866 civium,
835 1784 1016 1851 oonsulibus
1047 1789 1079 1850 et
1105 1786 1220 1868 juratis
1247 1806 1338 1868 prae-

142 1891 298 1956 dictarum
321 1891 494 1970 civitatum,
518 1895 674 1974 quatenus
696 1891 865 1954 transitum
888 1889 1070 1972 hujusmodi
1094 1909 1154 1971 per
1169 1889 1341 1955 Misensem

142 1995 304 2060 civitatem
325 1993 514 2073 faciendum,
538 1998 573 2058 ut
596 1993 817 2075 praemittitur,
849 1994 882 2057 in
911 1993 990 2058 locis
1026 1992 1130 2057 solitis
1153 1993 1340 2075 proclamari
1379 1987 1383 2009 ⁶

141 2099 311 2181 disponant
326 2103 358 2164 et
374 2097 513 2163 efficiant
523 2097 659 2180 publice,
672 2097 908 2181 praedictisque
920 2097 949 2162 N
951 2099 1045 2162 ostris
1077 2097 1198 2164 civibus
1222 2097 1340 2164 Misen-

140 2203 230 2269 sibus
251 2204 293 2268 ad
315 2204 504 2269 coercendos
527 2209 560 2268 et
580 2203 756 2285 puniendos
780 2207 1012 2285 contemptores
1043 2201 1196 2267 transitus
1219 2221 1336 2268 memo-

139 2309 202 2374 rati
225 2309 376 2375 assistant
397 2309 725 2393 impignorationibus
749 2309 1011 2375 artestationibus
1035 2313 1067 2374 et
1097 2308 1168 2373 aliis
1200 2309 1337 2388 auxiliis,

140 2411 201 2476 viis
225 2417 257 2478 et
278 2413 427 2481 remediis
451 2413 645 2497 opportunis.
1023 2417 1027 2428 '

434 2535 517 2604 (Θήρ.
536 2535 585 2587 cio.
604 2534 733 2586 Mirareris.
751 2533 845 2600 Peizel,
869 2532 967 2586 Wcazel
984 2533 1031 2586 IV.
1049 2531 1116 2598 dipl.
1134 2531 1234 2600 XXX.)

245 2675 274 2738 6.
297 2674 392 2740 1393.
417 2673 623 2740 Wenceslaus
646 2692 702 2739 rex
724 2692 768 2738 oc.

139 2825 748 2844 ...............
781 2777 999 2860 Praecipimus
1023 2781 1055 2842 et
1076 2776 1271 2857 mandamus,
1300 2781 1336 2842 ut

138 2880 288 2947 videlicet
324 2884 444 2966 majus
460 2883 621 2949 teloneum
654 2882 705 2948 his
739 2881 800 2946 viis
832 2884 865 2946 et
893 2881 995 2947 modis
1038 2883 1121 2963 exigi
1155 2881 1269 2946 debeat
1302 2886 1335 2946 et

137 3005 157 3050 a
180 2985 373 3066 quibuslibet
393 2986 656 3052 inamissibiliter
677 2986 850 3068 postulari:
896 2985 1010 3066 Primo,
1043 2987 1223 3068 quicunque
1252 3004 1334 3051 mer-

138 3093 226 3154 cator
255 3093 311 3154 aut
333 3096 442 3156 vector
464 3090 590 3155 duxerit
611 3109 709 3155 unum
739 3107 855 3171 equum
886 3089 1001 3154 valoris
1033 3090 1172 3173 quinque
1203 3108 1333 3172 sexage-

135 3213 248 3258 narum
269 3195 321 3260 vel
343 3196 427 3260 ultra
450 3196 666 3279 cuiuscunque
689 3195 783 3278 pretii
806 3195 858 3274 sit,
883 3195 937 3277 qui
954 3194 1081 3260 ducitur
1101 3213 1158 3277 per
1172 3195 1333 3260 teloneum

137 3299 177 3364 de
199 3318 296 3381 regno
319 3298 469 3366 Boemiae
492 3301 575 3365 ultra
598 3301 711 3365 silvam
733 3299 954 3380 Boemicalem,
979 3319 1077 3363 unum
1099 3297 1267 3379 florenum;
1292 3299 1332 3364 de

137 3422 217 3484 equo
240 3422 316 3469 vero
338 3406 454 3470 valoris
484 3404 565 3470 infra
591 3406 730 3487 quinque
760 3422 933 3486 sexagenas
965 3403 1129 3468 dimidium
1159 3402 1329 3482 florenum;

137 3506 176 3571 de
199 3511 325 3573 centum
346 3509 447 3574 bobus
470 3507 584 3572 XXVI.
608 3505 685 3588 flor,
710 3507 750 3572 de
773 3511 899 3572 centum
921 3507 1026 3589 porcis
1050 3524 1105 3572 sex
1127 3505 1168 3588 fl.,
1200 3507 1240 3572 de
1270 3507 1327 3571 du·

136 3613 280 3678 centibus
302 3613 454 3678 lateribus
478 3613 619 3678 earnium
640 3612 817 3695 pemalium
840 3629 895 3677 sex
917 3609 958 3691 fl.‚
990 3611 1031 3676 de
1061 3615 1186 3676 centum
1216 3612 1327 3678 ovibus

135 3719 271 3796 quatuor
299 3715 329 3782 fl.
362 3723 394 3784 et
424 3719 464 3784 de
497 3717 678 3784 centenario
714 3716 892 3797 plumarum
920 3733 975 3779 sex
1004 3733 1131 3796 grossos
1154 3715 1328 3798 Pragenses

134 3820 231 3886 debet
252 3823 432 3904 persolvere
454 3829 487 3890 et
508 3841 634 3905 pagare.
664 3821 708 3886 Et
731 3820 912 3904 quicunque
942 3825 1099 3884 mercator
1129 3819 1197 3885 sive
1219 3825 1329 3885 vector

135 3944 207 3990 cum
230 3926 347 3992 talibus
370 3929 462 4008 equis
485 3947 542 3993 seu
572 3926 758 4010 pecudibus,
790 3924 957 4006 pecoribus
987 3923 1038 3988 vel
1067 3924 1140 3989 aliis
1169 3925 1328 3992 mercibus

133 4049 265 4112 regnum
287 4031 437 4097 Boemiae
458 4031 575 4097 furtive
598 4032 699 4095 exiret
721 4033 753 4094 et
774 4029 835 4093 hoc
854 4029 1090 4110 comprobatum
1114 4028 1203 4110 foret,
1220 4029 1272 4096 hie
1298 4033 1327 4096 si

134 4134 237 4200 denuo
261 4153 332 4201 cum
355 4137 567 4203 mercimoniis
591 4135 831 4218 quibuscunque
863 4152 995 4214 regnum
1029 4132 1178 4198 Boemiae
1209 4135 1325 4200 alicubi

131 4240 291 4320 transiret,
315 4240 494 4324 ubicunque
515 4240 647 4324 reperiri
670 4243 788 4322 posset,
813 4238 961 4304 arrestari
984 4237 1115 4304 deberet
1137 4243 1169 4303 et
1196 4257 1325 4322 corpore

132 4351 164 4411 et
185 4346 280 4410 rebus
302 4346 407 4426 puniri
428 4344 691 4411 irremissibiliter
713 4349 746 4409 et
767 4343 885 4427 privari
910 4393 917 4406 .
941 4393 947 4406 .
974 4392 980 4407 .
1006 4393 1011 4406 .

185 4455 260 4496 eoaex
271 4454 290 4506 J.
305 4455 329 4496 a.
342 4456 370 4496 11.
382 4461 402 4498 a
