3225 5017
1371 210 1392 241 k

385 322 450 392 Gap.
473 323 493 376 Ι.
512 322 567 375 Res
584 320 621 380 ad
638 321 715 390 regni
732 321 995 407 administrationem
1013 328 1177 394 spectantes.
1342 328 1373 377 11

179 514 241 577 buc
262 515 371 578 venne
393 515 552 579 debeatis:
582 518 688 578 tamen
709 516 785 596 quia
806 516 962 581 veraciter
990 516 1179 598 accepimus,
1210 514 1373 579 serenissi-

178 635 264 682 mum
293 618 468 700 principem
498 620 531 682 et
562 615 722 682 dominum
752 617 913 684 dominum
939 617 968 683 S.
993 638 1101 700 regam
1123 617 1282 701 Ungariae
1307 619 1403 702 jam·

176 723 208 785 in
230 721 332 788 Albas
354 721 423 787 fore
446 740 559 787 sanum
581 727 614 787 et
635 722 824 788 incolumem
853 723 1060 806 personaliter
1088 724 1302 802 constitutum,
1333 722 1374 787 ad

176 845 271 907 quem
292 827 421 910 quidem
443 828 605 893 dominum
626 846 734 909 regem
755 827 870 893 nobilis
892 827 1020 910 quidem
1041 828 1188 894 dominus
1211 826 1249 893 O.
1273 827 1314 892 de
1335 826 1371 891 B.
1452 850 1467 857 *¹
1551 806 1606 913 ι

177 932 338 1014 ceterique
355 931 447 1013 regni
460 932 553 997 istius
568 930 702 997 btrones
716 932 893 1015 procedunt
906 931 947 997 ad
961 949 1121 1015 praesepe,
1144 931 1373 1014 propterquod
1465 990 1466 995 ,
1530 914 1607 1029 ³²}

176 1036 345 1101 terminum
384 1038 485 1101 sancti
518 1035 555 1101 G.
590 1033 764 1119 praefixum
804 1036 974 1103 observare
1013 1054 1075 1101 non
1114 1039 1283 1119 possumus
1312 1053 1371 1100 neo
1472 1112 1473 1119 χ
1522 1060 1525 1067 ’
1559 1023 1606 1077 ³*

177 1139 355 1206 valeamus:
384 1140 503 1207 idcirco
524 1158 581 1207 vos
603 1141 824 1223 praesentibus
845 1140 1035 1224 requirimus
1058 1145 1091 1205 et
1111 1158 1267 1223 rogamus,
1294 1160 1371 1223 qua-

178 1250 271 1311 tenus
294 1264 391 1329 super
405 1247 549 1325 Quatuor
570 1247 765 1330 temporibus
787 1248 1002 1328 proxime...
1026 1246 1105 1311 duos
1128 1246 1169 1311 dc
1187 1246 1317 1326 consilio
1340 1249 1373 1309 et

179 1350 315 1425 duosde
330 1354 553 1418 communitate
576 1353 714 1418 civitatis
728 1356 855 1418 vestrae
878 1371 950 1417 cum
967 1356 1125 1435 potestate
1146 1351 1289 1434 plenaria
1309 1350 1371 1416 huo
1464 1440 1465 1443 Ἴ

177 1451 314 1521 finaliter
335 1457 472 1539 dirigere
494 1457 674 1523 nullatenus
697 1458 889 1537 obmittatis3
912 1476 986 1523 nam
1006 1456 1125 1522 ibidem
1146 1458 1213 1520 tam
1227 1454 1371 1520 dominus
1399 1462 1401 1466 ’

176 1578 232 1625 rex
246 1554 459 1627 Romanorum
482 1566 515 1627 et
528 1561 687 1644 Boemiac,
711 1582 805 1646 quam
827 1560 988 1644 praefatus
1003 1580 1059 1625 rex
1074 1559 1235 1643 Ungariae
1258 1559 1369 1624 ceteri.
1457 1598 1458 1601 ,
1548 1528 1608 1623 f

176 1682 238 1745 que
259 1665 394 1731 barones
415 1667 538 1733 nobiles
553 1671 586 1733 et
600 1685 781 1733 communes
803 1672 908 1733 terrae
922 1666 1014 1731 istius
1034 1667 1188 1730 interesse
1203 1664 1370 1742 debebunt,

176 1767 231 1833 ubi
263 1768 304 1833 de
332 1771 504 1853 republica,
538 1772 627 1853 regni
660 1772 754 1837 istius
782 1789 862 1854 pace
895 1775 928 1835 et
961 1769 1123 1835 commodo
1155 1768 1369 1850 disponendis,

176 1872 286 1956 (inter)
307 1874 467 1955 praefatos
489 1875 632 1941 dominos
653 1880 779 1941 nostros
807 1877 1010 1958 ipsorumque
1032 1872 1142 1939 fideles
1173 1877 1206 1937 et
1227 1872 1370 1938 subditos

175 1976 274 2041 ardue
297 1982 329 2042 et
350 1976 522 2046 efficaciter
544 1980 704 2046 curabitur
724 1980 920 2063 pertractari.
966 1978 1017 2044 Ad
1039 1997 1118 2062 quos
1139 1976 1268 2061 quidem
1288 1980 1370 2041 trac·
1400 2016 1401 2019 =

160 2079 261 2145 'tatus
283 2083 380 2148 etiam
393 2086 492 2164 uestri
512 2085 693 2167 praesentia
715 2088 765 2150 est
786 2084 971 2167 plerumque
994 2084 1173 2149 necessaria
1188 2085 1221 2146 et
1235 2080 1370 2146 maxime

175 2189 361 2267 opportuna.
1374 2183 1376 2189 ’

279 2292 398 2357 Datum
420 2292 543 2375 (1402).

281 2428 319 2493 (E
335 2428 396 2481 Ood.
416 2429 525 2481 Tradere,
544 2428 570 2481 0.
590 2433 619 2481 6:
638 2430 763 2498 Paluobffi,
782 2430 979 2483 ramesburia
997 2428 1032 2483 II.
1052 2430 1122 2497 137).

753 2707 788 2773 O.

246 2826 454 2894 &abacorum
476 2839 504 2893 ct
525 2826 686 2893 consulum
707 2840 822 2903 carae,
845 2828 1008 2891 civitatum
1031 2837 1082 2893 etc.
1102 2827 1291 2893 ,convocatio

280 3004 308 3067 1.
332 3002 602 3091 Wanceslaus
624 3002 685 3067 Dei
707 3002 809 3083 gratia
832 3006 890 3066 etc.

278 3106 405 3172 Fideles
427 3106 552 3171 dilectit
575 3106 625 3171 Ex
647 3106 742 3171 certis
764 3110 797 3170 et
818 3105 1057 3172 rationabilibus
1078 3106 1183 3171 causis
1205 3122 1313 3169 omnes
1336 3107 1368 3169 et

174 3211 316 3292 singulos
346 3209 554 3275 scabinos'et
583 3211 728 3275 consules
761 3214 928 3276 terrestres
962 3211 1109 3275 duximus
1140 3210 1365 3275 convocandos.

174 3315 280 3393 Quare
309 3310 455 3380 fidelitati
486 3319 610 3380 vestrae
639 3315 860 3397 praesentibus
890 3316 1082 3398 injungimus
1112 3319 1145 3379 et
1172 3314 1366 3393 mandamus,

173 3423 329 3500 quatenus
358 3438 431 3484 mox
459 3419 537 3485 visis
567 3419 787 3501 praesentibus
821 3419 953 3501 singulis
987 3419 1099 3485 diebus
1128 3418 1306 3485 forensibus
1336 3424 1369 3483 et

171 3522 296 3612 festivis
318 3525 351 3588 in
374 3524 502 3589 civitate
523 3528 630 3589 vestra
659 3528 693 3587 et
720 3523 753 3586 in
782 3523 926 3588 ecclesiis
948 3541 1026 3589 uoce
1048 3524 1217 3605 praeconia
1245 3523 1367 3605 procla-

172 3628 252 3692 mari
274 3628 400 3709 publice
425 3626 560 3707 faciatis,
590 3631 627 3691 ut
655 3626 776 3691 scabini
797 3627 960 3691 districtus
982 3628 1090 3708 vestri,
1120 3627 1252 3709 singulis
1280 3632 1366 3708 post-

174 3732 297 3813 positis,
328 3749 434 3796 coram
455 3730 624 3813 Majestate
645 3730 763 3795 Nostra
792 3731 843 3795 vel
871 3732 987 3796 illustri
1015 3730 1159 3796 dohanne
1182 3731 1366 3811 Gorlicensi,

170 3834 270 3899 fratre
284 3834 402 3900 Nostro
421 3836 592 3915 carissimo,
617 3854 654 3899 ac
672 3834 798 3899 Nostris
815 3836 1002 3901 consiliariis
1024 3836 1057 3899 in
1073 3836 1200 3902 civitate
1214 3836 1366 3917 Pragensi

171 3940 204 4003 in
227 3939 364 4005 crastino
387 3940 488 4004 sancti
501 3939 656 4005 Johannis
671 3939 835 4021 Baptistae
858 3958 929 4005 esse
952 3941 1088 4007 debeant
1105 3939 1206 4005 modis
1222 3940 1365 4006 omnibus

171 4046 343 4124 constituti,
367 4046 450 4109 sicut
470 4044 611 4111 favorem
632 4043 783 4109 Nostrum
803 4046 926 4127 regium
948 4045 1084 4127 diligunt
1106 4062 1299 4111 conservare.

274 4149 393 4213 Datum
416 4153 474 4213 etc.
499 4149 559 4231 (ca
585 4150 691 4232 1384).

274 4252 336 4319 Per
356 4253 394 4317 D.
420 4252 607 4335 Georgium:
632 4253 787 4320 Martinus
811 4255 1004 4320 scolasticus.

276 4391 314 4459 (E
330 4390 390 4444 dod.
410 4390 495 4457 capit.
514 4394 593 4461 Praq.
611 4393 634 4444 I.
651 4396 698 4444 40:
718 4392 842 4459 Palaebpl,
861 4392 1058 4445 Formelbic'chcr
1076 4393 1113 4447 Π.
1130 4394 1201 4461 127).
