3225 5017
510 339 576 412 Gap.
592 339 666 396 VIII.
684 339 740 396 Ros
757 339 966 396 ecclesiasticta
1279 343 1328 392 221

239 539 306 606 Nos
327 539 425 624 igitm·
445 537 563 606 intuitu
596 537 820 620 omnipotentis
848 536 910 602 Dei
933 539 967 602 et
995 535 1029 602 in
1058 536 1223 603 beatorum
1253 535 1329 618 Viti,

132 645 326 725 wenceslai,
356 643 521 712 Adelbsrti
549 646 582 708 et
604 642 737 708 aliorum
770 645 974 725 patronorum
995 639 1168 708 Bohemiae
1197 643 1331 724 gloriam

133 756 170 819 et
192 751 343 817 honorem
364 767 423 816 nec
445 767 508 816 non
530 749 571 815 sd
592 747 727 831 praefati
748 745 982 830 archiepiscopi
1004 745 1151 813 deuotam
1171 747 1331 831 snpplica-

129 857 231 924 tionis
252 853 444 935 instantiam,
467 853 589 920 meritis
611 853 724 936 ipsius,
746 852 863 935 quibus
884 869 942 935 pro
956 849 1210 934 magnificatione
1228 852 1330 934 digni-

130 962 212 1029 tatIs
245 949 361 1043 regiae
386 963 419 1026 st
449 958 620 1040 tranquillo
653 957 884 1040 regnicolamm
904 974 943 1024 ao
972 955 1113 1024 fidelium
1141 956 1330 1026 Nostrorum

134 1069 223 1133 statu
247 1065 402 1132 constanti
424 1063 609 1132 fortitudine
631 1060 815 1130 fidelissime
829 1061 994 1144 laboravit,
1017 1061 1187 1146 diligenter
1209 1067 1242 1128 et
1259 1083 1331 1146 gra-

128 1173 216 1238 tiose
237 1168 474 1236 deliberationis
496 1167 611 1234 affectu
637 1168 804 1250 dignanter
824 1168 974 1250 aspectis,
997 1167 1195 1250 supradictas
1220 1169 1330 1234 literas

135 1278 173 1343 in
195 1274 340 1341 omnibus
364 1275 431 1340 suis
453 1272 629 1353 sententiis,
660 1272 817 1356 capitulis,
839 1273 975 1355 punctis,
1007 1271 1158 1338 clausulis
1189 1278 1222 1339 et
1242 1277 1330 1340 tene

136 1379 239 1460 nous,
262 1379 303 1451 dc
330 1378 427 1444 verbo
449 1377 490 1444 ad
519 1378 660 1459 verbnm,
690 1380 786 1460 prout
806 1376 1024 1460 exprimuntur
1045 1378 1202 1461 superins,
1224 1381 1329 1446 animo

133 1483 322 1564 deliberato,
343 1501 406 1548 non
420 1501 478 1566 per
493 1500 632 1548 errorem
646 1485 702 1548 aut
722 1481 909 1564 improvide,
933 1481 990 1547 sed
1011 1481 1231 1548 nonnullorum
1246 1485 1328 1551 sacri

136 1587 267 1672 imperii
301 1591 334 1654 st
364 1587 454 1670 regni
486 1585 659 1653 Bohemiae
684 1584 873 1670 principum,
908 1586 1063 1654 baronum
1091 1591 1125 1653 et
1153 1606 1329 1670 procerum,

133 1691 280 1759 fidelium
293 1690 491 1773 Nostrorum,
515 1692 686 1758 accedente
702 1689 834 1757 consilio
852 1710 891 1756 ac
906 1690 947 1757 ds
962 1694 1049 1757 certa
1062 1690 1181 1759 Nostra
1195 1694 1331 1761 scientia

131 1797 355 1880 approbamus,
377 1793 571 1863 ratificamus
595 1800 627 1862 et
649 1796 690 1861 de
711 1795 821 1878 regiae
842 1794 1010 1879 potestatis
1038 1796 1235 1879 plenitudine
1257 1815 1330 1863 con-

129 1899 304 1982 firmamus,
338 1901 523 1984 supplentes
557 1918 681 1967 omnem
714 1898 883 1980 defectum,
917 1899 945 1964 si
980 1900 1052 1982 quis
1080 1899 1115 1966 in
1146 1903 1329 1985 praemissis

130 2007 236 2073 literis
257 2005 451 2072 obscuritate
466 2007 499 2072 et
513 2005 639 2072 delectu
661 2005 830 2072 verborum
844 2007 901 2070 aut·
914 2006 1144 2072 sententiarum
1158 2025 1215 2073 sen
1229 2007 1326 2073 inter-

132 2109 323 2194 pretationis
356 2107 452 2177 dubio
485 2113 541 2174 ant
573 2109 635 2175 alio
657 2109 780 2193 ‚quovis
809 2109 903 2176 modo
934 2113 1122 2194 compertus
1145 2109 1251 2194 fuerit,
1288 2112 1329 2178 de

131 2214 296 2281 Romanae
318 2214 426 2296 regiae
448 2213 645 2296 plenitudiue
670 2213 848 2298 potestatis.

238 2403 327 2471 Nulli
348 2421 424 2486 ergo
446 2405 573 2488 penitus
594 2404 757 2471 hominurn
778 2404 875 2474 liceat
895 2406 977 2472 hanc
990 2405 1126 2474 Nostrae
1147 2411 1330 2492 approbati-

133 2512 216 2592 onis,
240 2506 484 2576 confirmationis
506 2515 539 2575 et
559 2508 742 2577 defectuum
763 2510 972 2595 suppletionis
993 2514 1142 2594 paginam
1158 2512 1330 2597 intringere

130 2617 187 2684 vel
209 2615 240 2682 ei
261 2632 342 2680 ausu
362 2613 476 2698 quouis
491 2614 661 2680 temerario
676 2615 843 2695 contraire,
859 2615 918 2681 sub
932 2630 1036 2698 poena
1050 2615 1137 2683 mille
1151 2637 1329 2693 marcarum

131 2720 208 2804 puri
249 2717 382 2800 argenti,
423 2735 503 2800 quos
547 2718 587 2784 ab
621 2737 669 2799 eo,
703 2719 759 2800 qui
792 2720 1033 2801 contravenerit,
1068 2722 1329 2791 irremissibiliter

129 2825 219 2908 exigi
262 2823 408 2890 uolumus
452 2827 485 2889 et
528 2841 638 2889 earum
672 2823 876 2889 medietatem
911 2822 1021 2890 Nostri
1057 2827 1174 2909 regalis
1212 2830 1327 2897 aerarii

132 2923 206 2996 s'ive
234 2926 312 3008 fisci,
343 2926 504 3006 residuam
536 2945 611 2994 vero
639 2927 788 3012 injuriam
818 2945 985 3011 passorum
1019 2930 1129 2997 usibus
1163 2934 1325 3016 applicari.

128 3033 297 3102 Fidelibus
319 3033 436 3100 nostris
459 3033 596 3100 testibus
618 3033 659 3099 ad
682 3033 866 3116 praemissa

237 3225 455 3295 Praesentinm
477 3227 574 3294 etiam
596 3226 655 3296 sub
677 3231 804 3296 nostrae
827 3227 1005 3313 Majestatis
1028 3228 1132 3312 sigillo
1147 3230 1328 3299 testimonio

127 3332 306 3400 literarum.

238 3489 357 3556 Datum
378 3488 501 3572 Pragae
523 3509 580 3574 per
602 3509 714 3557 manus
736 3490 928 3559 venerabilis
958 3491 1098 3559 Preczlai
1127 3492 1327 3561 Wratislaui·

132 3593 223 3660 ensis
246 3593 398 3677 episcopi,
421 3594 513 3661 aulae
535 3595 642 3679 regiae
663 3593 801 3662 Nostrae
831 3597 1020 3677 cancellarii,
1043 3599 1113 3664 vice
1135 3600 1327 3667 uenerabilis

129 3696 271 3779 Gerlaci,
306 3698 483 3781 Moglmtini
506 3698 737 3784 archiepiscopi
769 3700 851 3766 sacri
881 3701 1007 3784 imperii
1036 3720 1095 3785 per
1124 3701 1326 3771 Germaniam

124 3801 413 3884 archicancellarii,
437 3822 518 3869 anno
540 3804 668 3872 Domini
692 3804 786 3887 1352,
809 3805 916 3872 indict
941 3804 978 3872 V.
1002 3810 1114 3889 quarto
1137 3807 1213 3873 ldus
1236 3807 1324 3893 Maji,

123 3925 303 3990 reguounm
325 3907 512 3974 Nostrorum
534 3927 616 3974 anno
637 3908 689 3976 VI.

238 4027 349 4094 (Balbin
372 4028 413 4083 VI.
431 4032 474 4084 51.
494 4058 527 4070 -·
545 4029 623 4086 Aras
642 4029 798 4098 Kabasa)

237 4201 404 4270 Statuta
447 4202 592 4271 brevia
644 4203 818 4274 Arnssti
861 4207 1181 4293 archiepiscopi
1227 4208 1320 4275 1353.

123 4311 219 4380 Oct
250 4307 299 4374 18.

240 4427 278 4494 (n
293 4429 348 4481 aa.
367 4429 426 4484 aaz.
444 4430 514 4485 unco.
534 4431 613 4500 naq.
632 4431 702 4499 typo
719 4449 800 4487 aaa.
820 4431 922 4497 Hasta:
941 4431 1057 4486 conata
1077 4435 1241 4504 asponae.)
