3225 5017
468 330 474 339 ⁴
553 351 618 421 Gap.
635 350 682 404 IX.
700 350 882 406 Universitas.
996 419 997 428 ἵ
1265 353 1315 402 269

122 545 286 610 cusatione
307 549 416 612 autem
433 546 491 611 tali
504 545 589 610 iacta
603 550 707 611 rector
721 547 870 628 antiquus
887 545 939 610 die
961 543 1144 610 immediate
1163 546 1315 625 sequente

123 648 373 716 Universitatem
395 650 493 717 faciat
515 652 699 734 congregari
721 669 778 734 pro
801 650 864 718 alio
886 653 1012 716 rectore
1033 649 1189 737 eligendo.

226 753 1317 822 4.Derecommendationerectorisetrebussibicon-

82 935 84 941 ,
121 860 416 927 sentientibus
439 862 719 944 praestandis.
757 860 874 926 Rector
899 859 1019 928 electus
1040 859 1209 940 postquam
1227 876 1318 924 acce-

121 965 260 1047 ptaverit
272 964 411 1031 officium
424 969 612 1047 rectoratus,
623 963 870 1032 infraVIiIdios
878 965 1020 1048 proxime
1031 967 1200 1046 sequentes
1212 963 1317 1046 aliquo
1427 967 1428 971 ’

120 1067 175 1133 die
189 1067 303 1145 festivo
318 1071 463 1136 setaciat
472 1070 682 1136 UniversItati
693 1069 953 1148 recommendari,
970 1072 1003 1134 et
1014 1071 1090 1133 tuno
1100 1068 1245 1135 tradatru
1257 1067 1317 1134 sibi

120 1192 180 1255 per
200 1176 355 1238 rectorem
376 1172 542 1256 antiquum
557 1173 697 1255 sigillum
719 1176 896 1238 rectoratus
920 1191 991 1237 cunr
1012 1171 1139 1238 statutis
1155 1169 1318 1238 Universi-

119 1277 207 1357 tatis,
230 1277 339 1359 ibique
367 1277 465 1344 faciet
493 1281 598 1343 rector
637 1279 764 1360 publice
790 1279 1005 1361 juramentum
1035 1276 1254 1356 Universitati,
1287 1281 1319 1342 et

116 1381 255 1464 receptis
284 1382 428 1463 pecuniis
458 1381 636 1465 ceterisque
658 1383 763 1462 rebus,
795 1399 877 1465 quae
908 1385 1084 1448 rectoratus
1129 1385 1319 1448 concernunt

121 1485 270 1566 officium,
292 1486 389 1577 iaciet
404 1484 591 1551 fidelitatem
607 1505 697 1553 suam
712 1488 745 1552 iu
759 1486 915 1567 omnibus,
933 1487 1110 1553 secundum
1124 1487 1258 1553 formam
1271 1487 1319 1552 in-

119 1578 220 1656 ferius
230 1591 413 1656 adnotatam
423 1590 457 1655 in
470 1591 615 1658 rubrica:
635 1590 703 1672 ,rid
719 1591 797 1675 quid
806 1595 954 1657 teneatur
960 1595 1065 1658 rector
1077 1591 1315 1658 Universitati.“

224 1696 254 1761 5.
278 1697 335 1760 De
353 1697 589 1778 juramento
610 1697 801 1762 rectoris.
833 1695 1054 1762 duramentum
1080 1697 1155 1762 novi
1177 1696 1318 1777 rectene,

121 1800 248 1884 quando
277 1800 551 1866 recommendatus
581 1804 639 1880 est,
670 1802 731 1866 erit
752 1801 855 1866 istud:
890 1801 996 1867 Primo
1015 1803 1146 1884 jurabit,
1171 1803 1256 1885 quod
1278 1803 1320 1868 sit

120 1903 538 1988 membrumUuiversitatis
550 1905 655 1985 istius,
672 1909 704 1970 et
719 1906 804 1988 quod
819 1925 881 1972 non
893 1907 935 1972 sit
953 1909 1150 1990 conjugatus,
1171 1907 1256 1989 quod
1279 1908 1326 1998 sit

120 2010 256 2075 clericus
278 2028 337 2074 neo
359 2007 531 2091 professus,
555 2014 589 2074 et
611 2011 695 2093 quod
717 2029 774 2092 pro
798 2029 895 2092 posse
921 2010 1111 2093 procurabit,
1124 2031 1209 2095 quae
1224 2013 1321 2096 perti·
1419 2017 1420 2025 ’

120 2118 198 2178 nent
219 2113 261 2178 ad
283 2114 401 2180 bonum
423 2117 541 2179 statum
563 2113 667 2179 Studii
689 2119 723 2180 et
745 2114 985 2196 Universitatis,
1016 2116 1062 2181 ita
1090 2120 1205 2197 tamem
1236 2117 1320 2200 quod

120 2239 160 2284 ex
183 2219 247 2284 levi
268 2219 454 2300 ignorantia,
478 2238 560 2301 quae
593 2238 655 2285 non
684 2217 720 2284 fit
750 2239 789 2284 ex
820 2221 954 2300 malitia,
986 2221 1161 2304 perjurium
1190 2240 1251 2287 non
1273 2223 1321 2287 in-

120 2326 236 2388 currat.
262 2323 345 2394 Item
362 2322 492 2406 jurabit,
516 2327 635 2389 statuta
651 2323 737 2389 iacta
758 2328 791 2389 et
816 2324 974 2405 iacienda,
999 2344 1082 2406 quae
1106 2345 1164 2408 per
1186 2326 1321 2392 Univer-

119 2428 250 2492 sitatem
271 2431 344 2492 sunt
366 2431 399 2492 et
420 2431 514 2493 erunt
534 2428 718 2511 approbata,
752 2426 887 2496 firmiter
910 2429 1079 2495 observare
1103 2434 1136 2500 ot
1154 2431 1259 2498 facere
1282 2434 1321 2499 ab

118 2532 266 2598 omnibus
288 2533 449 2598 observari
471 2536 505 2597 et
526 2551 565 2598 ea
586 2537 791 2599 manutenere
815 2539 847 2598 et
872 2533 1045 2600 defensare.
1086 2535 1168 2601 Itern
1191 2538 1320 2619 jurabit,

119 2637 207 2719 quod
236 2655 338 2719 usque
371 2637 404 2700 in
434 2634 527 2702 finem
557 2638 720 2718 regiminis
751 2639 800 2703 sui
832 2639 999 2720 pecuniam
1031 2638 1266 2721 Universitatis,
1294 2642 1321 2706 si

119 2761 205 2824 quae
226 2742 268 2807 ad
289 2742 391 2824 ipsius
414 2760 526 2806 manus
548 2743 738 2823 pervenerit,
762 2741 900 2810 fideliter
921 2762 978 2825 pro
1004 2743 1232 2810 Univeisitatis
1261 2747 1322 2811 uti-

119 2846 213 2911 litate
237 2846 445 2928 dispensabit,
469 2849 502 2911 et
523 2847 697 2927 residuum,
721 2849 749 2912 si
772 2849 850 2930 quid
871 2849 976 2929 fuerit,
1001 2851 1210 2928 conservabit,
1241 2839 1322 2916 item

120 2950 208 3036 quod
241 2954 314 3033 post
345 2947 441 3015 tinem
475 2951 526 3016 sui
559 2952 721 3034 regiminis
757 2972 815 3034 per
845 2971 987 3021 mensem
1002 2955 1172 3036 ¹integrunt
1200 2955 1336 3038 Pragae.

118 3054 327 3135 permanebit,
350 3058 384 3118 et
406 3055 491 3137 quod
513 3055 591 3120 velit
613 3059 699 3121 stare
717 3058 799 3140 juri,
825 3059 853 3124 si
876 3062 985 3123 contra
1014 3078 1087 3124 eum
1116 3057 1237 3143 aliquid
1268 3061 1322 3126 ob-

114 3159 239 3240 jectum
261 3157 366 3238 fuerit,
390 3163 423 3224 et
445 3177 541 3242 super
562 3161 673 3242 poenis
697 3162 863 3227 solvendis
886 3181 943 3228 suo
963 3163 1040 3230 velit
1054 3164 1183 3230 obedire
1199 3183 1322 3230 succes-

119 3261 195 3326 sori.
220 3261 254 3327 Si
276 3262 383 3328 autern
405 3264 510 3344 ipsum
532 3283 571 3328 ex
593 3266 700 3348 aliqua
720 3267 813 3348 justa
836 3281 934 3332 causa
948 3266 1098 3332 recodere
1116 3270 1321 3351 opportuerit,

118 3371 196 3432 tunc
218 3366 358 3432 dImittet
379 3367 458 3432 duos
488 3366 691 3451 fidejussores
721 3370 853 3436 idoneos
887 3389 992 3437 coram
1014 3375 1139 3438 rectore
1161 3392 1242 3441 novo
1272 3375 1323 3438 vei

120 3471 320 3551 consiliariis,
343 3472 371 3537 si
393 3475 497 3538 rector
519 3473 633 3538 absens
656 3473 761 3553 fuerit,
786 3475 841 3556 qui
868 3477 1063 3558 promIttant,
1094 3497 1151 3560 pro
1181 3497 1218 3543 eo
1237 3477 1322 3561 judi-

120 3575 172 3640 cio
194 3577 265 3640 sisti
289 3581 322 3642 et
339 3577 518 3660 judicatum
541 3578 621 3643 solvi
645 3578 703 3644 sub
721 3579 882 3661 juratoria
906 3582 1060 3648 cautione.

225 3682 255 3746 6.
279 3682 335 3746 De
353 3681 673 3764 jurisdictione
695 3684 888 3749 rectoris.
919 3684 1177 3752 iurisdictionem
1200 3687 1324 3752 ordina-

119 3783 203 3848 riam
215 3789 319 3849 rector
327 3784 457 3851 habebit
468 3787 501 3850 in
513 3786 618 3851 omnia
631 3785 796 3869 supposita
820 3785 1046 3856 Universitatis
1061 3791 1094 3855 in
1110 3792 1214 3858 causis
1227 3793 1327 3860 ciuili-

121 3889 183 3956 bus
198 3893 233 3955 et
244 3889 440 3973 injuriarum.
464 3891 545 3955 Item
559 3895 663 3956 rector
675 3892 858 3956 summatim
876 3896 908 3956 et
921 3893 990 3959 sine
1001 3893 1102 3960 forma
1118 3913 1174 3960 seu
1191 3890 1325 3978 strepitu

116 3992 232 4078 judicii
264 4011 378 4058 causas
409 3998 578 4074 cognoscat
600 3999 633 4058 et
654 3995 789 4075 decidat,
822 3996 882 4061 nisi
913 3996 1054 4064 formam
1073 3998 1187 4081 judicii
1210 4018 1325 4066 causae

121 4096 263 4180 gravitas
287 4097 414 4178 exigere
437 4095 599 4163 videatur.
624 4097 667 4162 Et
690 4099 717 4162 si
738 4099 913 4167 necessitas
935 4102 1077 4182 requirit,
1097 4107 1203 4185 potest
1223 4109 1326 4170 rector

118 4203 155 4266 in
180 4202 285 4266 causis
308 4199 501 4266 scholarium
522 4201 694 4283 procedere
717 4203 859 4282 quolibet
881 4207 1024 4286 tempore
1046 4205 1206 4272 feriarum.

225 4305 315 4386 Item,
338 4323 402 4369 non
421 4310 557 4388 possunt
578 4305 803 4372 Universitatis
829 4307 995 4391 supposita
1017 4311 1149 4376 rectoris
1161 4310 1319 4394 judicium

125 4408 363 4492 quomodolibet
396 4409 563 4474 declinare.
610 4408 643 4474 si
676 4413 784 4475 autern
813 4429 948 4492 persona
977 4411 1010 4476 in
1036 4413 1192 4494 judicium
1218 4419 1319 4480 tracta
