3225 5017
365 320 430 393 Cap.
448 322 474 376 I:
486 319 542 376 Res
560 319 596 375 ad
613 320 690 390 regni
708 318 970 376 administrationem
990 324 1154 390 spectantes.
1322 325 1355 372 63
1415 295 1418 302 ¹

165 531 310 598 omnibus
332 532 558 615 suprascriptis
588 550 659 598 cum
681 533 792 599 amicis
822 537 855 599 et
882 531 1062 598 hominibus
1092 549 1130 597 16
1152 531 1358 615 complicibus

164 655 274 705 eorum
297 654 421 703 omnem
443 638 568 721 culpam
591 642 624 703 61
645 656 803 719 excessus,
835 655 914 720 quos
944 636 985 702 ad
1007 636 1089 702 hanc
1117 636 1227 702 horam
1250 639 1358 701 contra

165 762 238 809 eum
259 741 410 824 iecerunt,
433 762 472 807 ex
495 743 589 810 corde
610 743 782 827 indulgeat,
813 744 923 827 sicque
944 760 1105 826 nunquam
1127 741 1359 808 animaduertat

165 847 287 931 aliquid
308 851 477 931 propterea
499 853 607 915 contra
629 867 692 915 eos.

270 952 299 1018 2.
322 950 492 1021 Praeterea
514 970 622 1019 omnes
637 953 800 1037 pactiones
816 972 872 1019 seu
889 952 1117 1034 ordinationes,
1134 970 1231 1035 super
1244 951 1359 1033 quibus

164 1059 412 1142 qualescumque
430 1059 584 1125 haetenus
599 1058 711 1125 literae
727 1058 889 1125 coniectae
910 1058 1028 1124 fuerint
1041 1058 1244 1140 interipsum
1265 1074 1359 1121 vene-

164 1164 298 1231 rabilem
335 1162 496 1229 dominum
532 1167 676 1229 nostrum
709 1162 953 1230 Olomuoensem
988 1164 1172 1246 episcopum
1209 1166 1242 1227 et
1277 1162 1360 1225 inter

164 1267 342 1349 Nicolaum,
360 1266 561 1348 lanczonem,
581 1266 776 1334 lianconem
792 1272 825 1335 et
838 1268 917 1334 alios
932 1268 1175 1351 suprascriptos,
1198 1284 1359 1350 11611116-7

167 1376 289 1439 sentem
311 1372 541 1439 ordinationem
562 1376 704 1439 nostram
727 1373 821 1439 simul
844 1392 915 1439 cum
936 1373 1016 1457 ipsis
1037 1373 1139 1440 literis
1160 1371 1278 1438 nullius
1293 1388 1360 1435 mo·

166 1478 264 1545 menti
288 1476 404 1544 debent
426 1494 497 1543 esse
519 1477 645 1561 penitus
668 1478 781 1543 amodo
803 1479 861 1544 s'eu
883 1478 1009 1561 vigoris.

270 1584 299 1649 3.
325 1581 474 1649 Ceterum
496 1582 571 1665 quia
592 1582 762 1665 praedicta
777 1582 933 1649 dissensio
947 1602 1011 1649 non
1031 1583 1136 1666 potuit
1158 1581 1361 1665 complanari,

166 1687 229 1754 nisi
258 1686 347 1771 prius
376 1690 548 1754 retractata
578 1692 663 1754 esset
692 1706 798 1768 eausa,
830 1708 925 1771 quam
954 1688 1110 1771 Georgius
1131 1686 1362 1753 Arnolthowior

165 1792 380 1859 marschalcus
403 1795 436 1858 et
453 1793 612 1860 Bouslaus
635 1793 879 1859 cumfratribus
902 1794 942 1860 de
957 1792 1078 1860 (trasna
1100 1812 1196 1877 super
1218 1792 1362 1875 dampnis

165 1898 308 1981 ipsorum
330 1901 438 1963 6611111
461 1897 638 1963 Bludonem
668 1898 708 1964 de
730 1897 888 1964 Trenauiu
913 1902 947 1965 61
967 1897 1187 1983 Heymannum
1216 1897 1363 1963 comitem

167 2002 209 2068 do
229 2002 367 2087 Prsybor
385 2002 546 2085 prosecuti
567 2001 694 2084 fuerint,
717 2003 790 2069 ideo
812 2004 916 2087 ipsam
939 2022 1068 2070 causam
1089 2004 1172 2069 inter
1192 2004 1363 2098 111111116-

166 2105 268 2173 dictas
307 2112 415 2190 partes
452 2110 661 2199 retractamus
694 2108 802 2174 taliter
836 2112 871 2175 vt
902 2108 1059 2192 (causam)
1099 2112 1165 2175 tam
1205 2108 1360 2191 praedicti

167 2212 324 2295 Georgius
354 2218 387 2279 et
408 2213 564 2292 Bouslaus
596 2232 666 2279 cum
688 2213 840 2281 fratribus
857 2214 930 2280 suis
958 2214 999 2280 de
1027 2226 1110 2303 nouo
1139 2216 1302 2279 resumant
1331 2217 1364 2278 et

166 2318 200 2382 in
224 2317 311 2384 curia
332 2318 434 2402 ipsius
456 2318 574 2383 domini
603 2319 703 2385 nostri
727 2320 869 2404 episcopi
892 2318 1111 2386 olomucensis
1140 2318 1210 2384 iure
1232 2317 1363 2400 Magdo-

167 2423 319 2505 burgensi
341 2427 573 2507 prosequentur
595 2425 736 2491 eandem.

274 2526 304 2593 4.
328 2528 463 2613 Insuper
477 2529 622 2612 dampna,
639 2548 858 2613 quaecumque
876 2530 917 2595 de
929 2533 1088 2613 potestate
1103 2534 1140 2616 et
1149 2548 1208 2614 per
1221 2528 1364 2594 homines

167 2633 270 2718 ipsius
293 2632 411 2701 domini
433 2634 534 2700 nostri
557 2634 698 2717 episcopi
721 2634 942 2701 olomucensis
964 2633 1125 2715 Jenczoni,
1155 2633 1309 2699 Franconi
1332 2637 1365 2698 et

162 2738 240 2805 aliis
262 2739 374 2805 amicis
404 2758 442 2805 ac
471 2738 650 2805 hominibus
680 2743 712 2804 et
742 2740 948 2822 complicibus
975 2758 1084 2803 eorum
1113 2739 1364 2823 quibuscumque

166 2843 321 2911 hactenus
336 2846 410 2910 sunt
422 2843 521 2925 illata,
544 2844 681 2928 dampna
696 2844 802 2925 etiam,
827 2861 1044 2928 quaecumque
1057 2842 1122 2909 iam
1144 2843 1221 2908 dieti
1236 2842 1257 2909 J
1258 2860 1363 2937 sucro,

168 2949 291 3015 Franco
315 2968 386 3015 cum
408 2948 519 3014 amicis
535 2952 568 3013 61
580 2948 760 3015 hominibus
783 2967 821 3014 ac
844 2945 1049 3031 complicibus
1071 2949 1138 3013 suis
1159 2948 1222 3031 ipsi
1238 2947 1363 3012 domino

164 3059 275 3121 nostro
298 3054 447 3138 episcopo
470 3052 673 3119 Olomuoensi
704 3058 736 3118 61
765 3054 833 3119 suis
855 3052 1034 3119 hominibus
1056 3071 1156 3137 usque
1177 3051 1364 3117 1111611111-

166 3160 281 3240 lerunt,
297 3177 400 3243 aequo
415 3157 507 3223 modo
522 3156 605 3223 inter
621 3176 655 3223 se
671 3156 823 3225 sufferant
838 3163 871 3224 et
886 3158 1060 3241 aequaliter
1072 3159 1132 3224 sibi
1146 3161 1287 3240 pareant,
1303 3158 1364 3223 sic-

168 3284 231 3351 que
246 3263 287 3356 de
302 3266 407 3329 661616
422 3282 460 3329 ex
475 3266 608 3346 utraque
623 3267 714 3346 parte
728 3282 791 3331 non
805 3261 862 3329 fiat
876 3264 984 3347 aliqua
999 3263 1143 3348 quaestio
1158 3281 1215 3346 pro
1231 3262 1362 3349 eisdem.

242 3360 249 3367 ’
273 3368 303 3435 5.
326 3366 378 3449 Ad
400 3367 480 3433 haec
494 3368 565 3452 ipse
581 3368 726 3435 dominus
741 3372 849 3434 noster
868 3369 1028 3436 lohannes
1052 3369 1220 3453 episeopus
1236 3368 1365 3434 Olomu-

169 3473 274 3540 censis
298 3492 369 3539 curn
392 3472 537 3538 domibus
560 3477 593 3539 et
613 3474 736 3540 iuribus
751 3474 892 3557 ipsorum
913 3474 947 3539 in
969 3472 1061 3538 Nouo
1077 3472 1190 3544 Castro
1213 3473 1362 3555 deinceps

167 3578 265 3646 116161
292 3578 389 3662 idque
410 3578 512 3659 volet3
536 3578 592 3645 sed
614 3578 649 3644 in
669 3597 907 3662 recompensam
925 3580 1109 3646 huiusmodi
1132 3578 1287 3663 praedicti
1308 3577 1364 3642 ho-

169 3684 272 3751 mines
294 3684 335 3749 de
356 3683 427 3766 ipso
442 3682 533 3749 Nouo
550 3682 663 3750 Castro
685 3683 879 3750 hereditates
901 3683 983 3766 illas,
1006 3703 1069 3767 que
1090 3682 1265 3768 purglehen
1288 3682 1364 3748 wul-

167 3788 289 3873 gariter
302 3787 458 3870 dicuntur,
482 3787 650 3855 duodecim
664 3787 755 3855 annis
770 3788 871 3855 libere
884 3788 1102 3872 possidebunt,
1126 3786 1243 3870 elapsis
1258 3790 1365 3852 111611

168 3894 234 3961 iam
256 3893 350 3959 dictis
374 3892 475 3974 annis,
499 3892 622 3975 siquis
644 3896 720 3959 tunc
743 3911 781 3958 611
802 3894 894 3959 nobis
909 3892 1032 3974 vixerit,
1055 3892 1110 3958 ille
1132 3891 1217 3956 dicto
1239 3890 1365 3956 domino

167 4003 277 4065 nostro
300 3998 449 4083 episcopo
466 3995 668 4063 olomucensi
691 3998 732 4064 de
753 3998 837 4081 ipsis
849 3996 1082 4064 hereditatibus
1105 3995 1212 4061 debita
1234 3995 1366 4061 seruitia

168 4102 324 4185 ostendet,
361 4103 412 4169 vel
444 4102 478 4168 in
512 4104 615 4167 castro
646 4102 790 4169 eiusdem
820 4102 1001 4186 provinciae
1037 4119 1095 4184 pro
1128 4099 1366 4167 conseruatione

169 4208 271 4292 ipsius
293 4206 434 4290 deipsis
456 4205 696 4288 hereditatibus,
721 4207 749 4272 si
772 4226 851 4291 opus
873 4206 978 4287 116111,
1001 4205 1195 4272 locabuntur.

273 4314 302 4378 6.
327 4310 408 4377 Item
430 4311 471 4377 de
493 4310 563 4390 hoc,
595 4310 679 4393 quod
701 4311 765 4393 ille,
796 4313 852 4395 qui
875 4329 980 4376 coram
1001 4309 1072 4392 ipso
1102 4309 1227 4376 domino
1256 4312 1364 4373 nostro

168 4418 317 4503 episcopo
340 4414 543 4484 Olomuceusi
573 4434 629 4502 pro
659 4415 760 4486 feodis
784 4416 851 4483 suis
874 4414 1102 4507 querimoniam
1136 4418 1303 4484 mouerunt
1332 4418 1365 4482 et
