3225 5017
574 348 648 419 Gap.
665 346 712 401 IX.
732 348 912 405 Universitas.
1293 356 1344 406 293

145 545 252 607 turam
274 544 306 607 et
328 544 496 625 acceptans
519 540 669 623 officium,
694 542 734 607 de
747 542 897 607 mandato
914 542 1039 623 antiqui
1054 542 1227 625 praepositi
1250 540 1345 606 debet

145 647 343 729 singulorum
365 646 560 729 collegarum
582 666 653 713 curn
679 648 746 716 suis
770 646 979 714 servitoribus
1001 664 1059 729 per
1079 665 1192 714 manus
1211 646 1344 729 stipula·
1399 674 1402 677 ·

144 752 264 818 tionem
286 752 430 835 accipere
460 751 661 839 promissum
682 743 905 835 subjectionis
922 756 955 817 et
983 751 1182 818 obedientiae
1211 751 1245 816 in
1269 750 1342 830 hiis,

146 874 229 939 quae
256 856 416 939 pertinent
445 856 486 922 ad
514 857 633 923 bonum
652 860 776 949 statum
805 856 948 940 Collegii,
981 876 1079 940 quam
1103 856 1344 939 promissionem

144 961 251 1027 nullus
274 961 368 1028 debet
389 979 546 1028 recusare.
570 962 644 1045 Ipse
666 965 773 1027 autem
796 962 1007 1045 praepositus,
1031 966 1199 1045 postquam
1222 960 1256 1025 in
1271 978 1343 1025 exe-

145 1067 273 1131 cutione
302 1068 353 1134 sui
382 1062 478 1155 officii
501 1064 607 1147 fuerit,
630 1067 663 1133 in
693 1084 803 1133 mensa
833 1067 925 1133 etin
956 1067 1233 1133 convocationibus
1256 1065 1344 1129 etin

143 1169 237 1235 factis
261 1170 403 1253 collegii,
428 1175 502 1237 ante
524 1176 558 1237 et
580 1190 676 1255 supra
699 1190 825 1239 omnem
848 1173 1002 1256 collegam
1025 1172 1164 1257 (etiamsi
1187 1171 1259 1255 quis
1279 1168 1343 1235 cola

143 1275 287 1358 legarum
307 1280 412 1341 rector
428 1274 654 1343 Universitatis
670 1276 721 1343 vel
737 1277 877 1361 cujusvis
891 1278 1024 1345 alterius
1039 1276 1203 1359 dignitatis
1222 1272 1342 1356 fuerit),

144 1379 249 1447 locum
273 1383 305 1447 et
327 1384 423 1463 caput
444 1384 554 1447 tenere
578 1380 724 1463 debebit;
738 1416 743 1475 3
757 1383 814 1448 alii
842 1402 918 1449 vero
947 1383 1092 1465 magistri
1115 1383 1344 1463 consequenter

142 1478 234 1567 juxta
255 1486 454 1569 prioritatem
474 1487 698 1569 collegiaturac
713 1487 818 1554 locum
832 1488 993 1569 tenebunt,
1013 1488 1074 1553 nisi
1090 1487 1162 1569 quis
1183 1486 1344 1551 seniorum

143 1590 352 1689 posteriorem
373 1592 482 1657 locum
506 1592 655 1659 maluerit
675 1593 823 1658 retinere.

248 1731 279 1795 6.
301 1730 358 1795 De
380 1730 591 1798 electione
614 1732 888 1798 aedituorum.
921 1730 1128 1813 Praepositus
1150 1729 1235 1794 circa
1256 1728 1343 1812 prin-

144 1834 262 1918 cipium
294 1836 490 1903 executionis
524 1836 574 1903 sui
608 1834 714 1917 officii,
745 1836 821 1902 dum
851 1835 913 1901 sibi
936 1834 1182 1915 convenientius,
1220 1834 1342 1918 absque

143 1938 236 2021 longa
257 1957 354 2019 mora,
377 1940 481 2006 visum
502 1940 607 2021 fuerit,
631 1940 810 2007 hortabitur
832 1940 980 2022 collegas,
1003 1944 1039 2003 ut
1056 1938 1136 2006 duos
1152 1938 1193 2004 ‹le
1208 1956 1340 2004 numero

143 2044 194 2109 sui
215 2043 361 2109 aedituos
384 2042 512 2125 eligant,
537 2043 592 2126 qui
613 2043 650 2111 in
665 2043 889 2127 jurisdictione
911 2044 1086 2127 praepositi
1101 2047 1253 2126 tanquam
1268 2060 1341 2108 oon-

143 2148 265 2229 siliarii,
289 2148 413 2232 quoties
436 2153 649 2239 opportunum
671 2148 776 2230 fuerit,
795 2149 948 2215 assistere
970 2149 1138 2216 debebunt
1169 2148 1208 2213 It
1231 2147 1342 2214 Novus

142 2253 343 2336 praepositus
366 2252 408 2317 ad
431 2253 482 2318 sui
504 2251 600 2318 officii
624 2254 843 2320 executionem
864 2254 920 2319 illa
941 2252 1150 2334 hebdomada,
1184 2252 1218 2316 in
1246 2271 1342 2335 quarn

142 2355 259 2423 festum
282 2357 312 2423 S.
337 2355 422 2424 Galli
444 2358 587 2441 proxime
609 2357 708 2424 futuri
731 2358 890 2439 inciderit,
913 2357 1028 2424 aleria
1046 2357 1137 2423 sexta
1151 2356 1340 2439 inchoando,

142 2460 267 2526 etiamsi
290 2480 361 2527 cum
382 2461 455 2545 plus
479 2463 655 2545 septimana
678 2482 750 2544 una,
774 2466 811 2529 ut
832 2460 902 2527 fieri
924 2462 1014 2543 solet,
1037 2462 1071 2527 in
1093 2458 1196 2527 officio
1222 2460 1338 2528 durare

140 2565 222 2631 forte
244 2564 402 2649 obtigerit,
425 2568 636 2633 intromittere
658 2584 693 2633 se
717 2566 862 2647 debebit;
893 2570 926 2631 et
947 2585 1004 2650 pro
1026 2571 1102 2632 tune
1125 2564 1264 2632 officium
1286 2587 1341 2633 an·

140 2670 223 2754 tiqui
244 2672 427 2754 praepositi,
451 2676 484 2737 et
506 2691 568 2737 non
589 2673 689 2755 priua,
719 2671 863 2738 totaliter
885 2670 1067 2754 exspirabit.
1103 2669 1211 2737 Medio
1233 2675 1341 2737 autom

17 2860 19 2865 Δ
139 2778 282 2859 tempore
304 2796 324 2842 a
344 2775 426 2843 festo
450 2776 588 2859 Georgii,
611 2792 712 2843 novus
735 2776 937 2859 praepositus
952 2776 985 2841 in
1001 2777 1096 2859 lignis
1116 2780 1149 2842 et
1166 2776 1338 2842 esculentis
1411 2817 1414 2828 ι

141 2884 174 2944 ct
205 2880 381 2963 poculentis
417 2885 449 2947 et
480 2882 619 2948 caeteris
649 2880 765 2947 futuris
794 2898 853 2966 pro
881 2899 963 2948 anno
994 2898 1072 2948 suae
1100 2881 1340 2964 praepositurae

140 2981 246 3050 lacere
270 2985 365 3053 debet
388 2987 609 3070 provisionem.

247 3124 277 3191 7.
299 3124 355 3192 De
378 3126 538 3193 salario
561 3126 809 3211 praepositi.
855 3125 1060 3210 Praepositus
1089 3125 1224 3209 quilibet
1247 3144 1339 3209 prae·

140 3228 303 3311 positurae
331 3248 409 3297 suae
438 3232 546 3299 debite
574 3250 732 3315 exequens
762 3229 912 3313 officium,
944 3249 1001 3314 pro
1033 3248 1163 3297 suornm
1193 3231 1338 3298 laborum

141 3333 365 3417 consolatione,
389 3336 416 3402 si
438 3336 584 3419 voluerit,
607 3340 714 3421 potest
735 3337 776 3402 de
797 3336 1005 3420 proventibus
1029 3335 1164 3419 Collegii
1182 3336 1262 3402 duas
1277 3336 1339 3402 sibi

140 3438 286 3521 accipere
315 3458 497 3522 grossorum
528 3460 719 3525 sexagenas;
751 3441 791 3506 de
818 3460 953 3524 quarum
985 3442 1168 3525 receptione
1196 3444 1340 3525 tempore

141 3560 219 3608 suae
241 3544 372 3611 rationis
394 3544 493 3612 faciat
514 3548 715 3613 mentionem.

245 3683 274 3749 8.
298 3682 356 3751 De
375 3686 682 3769 jurisdictione
703 3686 955 3769 praepositi.
980 3686 1186 3769 Praepositus
1205 3682 1338 3765 Collegii

140 3805 237 3871 super
269 3806 377 3854 omnes
410 3790 548 3872 collegas
579 3790 835 3874 jurisdictionem
869 3791 978 3872 habet,
1017 3808 1188 3874 omnesque
1226 3806 1338 3854 causas

138 3892 223 3957 inter
251 3892 388 3984 collegas
418 3898 614 3977 emergentes
644 3896 714 3978 ipse
737 3914 809 3961 oum
824 3894 966 3977 ⁴Collegii
996 3895 1127 3961 consilio
1157 3894 1253 3960 debet
1283 3893 1338 3958 de-

141 3996 247 4063 cidere
262 4000 295 4063 et
309 3997 555 4083 (delterminare.
581 3997 699 4065 Omnes
720 4000 818 4066 etiam
834 3999 1011 4081 Collegium
1024 3999 1249 4081 inhabitantes,
1271 3998 1339 4064 sive

140 4100 272 4167 clericos
295 4103 488 4185 collegarum
511 4104 579 4169 sive
595 4104 675 4170 alios
690 4104 873 4187 inquilinos,
889 4105 1092 4187 praepositus
1115 4124 1187 4170 cum
1201 4102 1338 4169 aedituis

139 4204 173 4269 in
195 4206 299 4272 causis
322 4207 450 4273 domum
473 4206 607 4289 Oollegii
628 4208 680 4275 vel
701 4208 834 4292 injurias
850 4227 1057 4292 personarum
1077 4207 1336 4275 concernentibus

139 4308 237 4375 habet
254 4311 399 4393 judicare
422 4316 455 4378 et
476 4312 650 4377 secundum
673 4312 866 4395 exigentiam
886 4314 998 4396 culpae
1019 4315 1133 4399 punire
1155 4316 1189 4379 et
1209 4312 1338 4379 adomo

140 4414 290 4482 alienare.
