3225 5017
412 319 476 392 Gap.
494 319 554 376 Vn.
574 309 703 378 Civitates
723 326 751 376 et
764 321 813 390 jus
830 321 1001 392 municipale.»
1252 331 1301 378 173

213 516 242 580 2.
277 513 520 590 Libertates
558 517 773 585 nonnullis
815 517 1070 583 civitatibus
1108 518 1303 599 Boemiae

107 641 180 705 per
223 640 358 704 regem
394 620 663 686 Romanorum
703 620 919 711 ailbertum
960 625 1001 687 et
1036 622 1302 694 Fridericum
1428 690 1431 701 ,

108 727 293 792 ducem
284 747 324 792 ιι
357 727 510 794 castris
544 729 612 792 ant
621 744 639 790 e
671 725 778 809 Opat
763 727 911 793 topica
944 727 1068 803 dieb.
1101 727 1186 794 Oct
1162 730 1302 796 11301

107 850 346 898 concessae.

212 933 371 1018 ilbertus,
386 936 475 1003 Rom.
491 955 548 1001 rex
561 954 608 1018 ac,
624 939 657 1001 ιι
663 892 862 1018 inidoneus,
886 937 950 1030 dux
965 935 1115 1002 Austriae
1130 943 1171 1004 ιι
1177 937 1302 1020 Stiriae,

106 1042 254 1108 dominus
269 1040 435 1108 Camiolae
450 1039 675 1123 Marchiaeque
699 1046 731 1106 et
744 1039 859 1107 Portus
874 1018 1075 1123 Naonis,t
1019 1045 1075 1107 not
1075 1062 1130 1107 um
1148 1061 1195 1123 oc,
1219 1043 1304 1124 quod

106 1147 274 1230 cupientes
304 1147 408 1212 omnia
438 1150 471 1211 et
501 1145 625 1228 singula
653 1145 769 1225 lacere,
801 1165 884 1228 quae
906 1146 1039 1229 singulis
1069 1147 1203 1212 istarum
1225 1148 1304 1212 ciui·

106 1257 211 1318 tatum
233 1251 343 1332 Grecz,
372 1250 521 1340 alermer,¹
540 1249 701 1331 Obrudim
732 1249 804 1316 Mut
803 1249 901 1316 ha
868 1256 901 1316 e
921 1250 1028 1317 Policz
1056 1252 1204 1331 nummus
1227 1270 1302 1341 esse

107 1375 249 1439 congnm
270 1360 304 1422 et
325 1374 434 1422 eorum
455 1353 649 1438 profectibus
680 1354 856 1438 profutura,
886 1356 974 1440 ipsas
995 1357 1029 1422 in
1052 1358 1202 1423 Nostram
1223 1358 1304 1424 reci·

107 1462 232 1544 pientes
249 1461 389 1543 gratiam
411 1459 470 1546 (et)
493 1461 731 1544 protectionem*
828 1500 833 1511 ·
1386 1548 1391 1556 s

216 1568 244 1631 1.
260 1565 365 1632 Primo
381 1567 526 1633 volumus
542 1569 575 1632 et
588 1565 812 1649 promittimus,
828 1572 863 1633 vt
877 1568 999 1634 nullum
1014 1568 1133 1634 ciuium
1148 1567 1305 1634 dictarum

110 1672 286 1752 ciuitatum,
310 1672 365 1756 qui
387 1669 591 1738 fideiussores
613 1670 731 1762 habere
752 1675 860 1754 potest
880 1673 933 1738 uel
955 1678 1075 1739 certam
1095 1673 1305 1740 residentiam

108 1776 356 1859 possessionum,
379 1795 461 1860 quae
483 1777 644 1859 possessio
667 1776 853 1842 aestimatur
868 1777 910 1842 ad
931 1778 1159 1862 quinquaginta
1180 1795 1305 1843 marcas

108 1883 244 1963 argenti,
275 1885 384 1948 contra
404 1881 539 1947 formam
558 1881 640 1964 juris
671 1881 815 1946 detinere
836 1882 889 1947 uel
912 1901 1026 1965 capere
1047 1883 1229 1966 aliqualiter
1250 1882 1305 1947 de-

109 1986 250 2053 beamus.
993 2050 995 2055 .

215 2091 244 2157 2.
268 2091 348 2158 Item
370 2092 526 2171 volumus,
556 2095 593 2156 ut
615 2091 807 2156 camerarius
829 2089 947 2156 Noster
967 2109 1123 2173 nusquam
1144 2093 1177 2156 in
1199 2092 1306 2175 aliqua
1361 2117 1367 2125 ·

110 2196 243 2262 ciuitate
264 2214 359 2278 super
381 2197 485 2261 causis
504 2195 685 2280 judicandis
697 2193 819 2279 judicio
843 2194 1027 2278 praesidere
1044 2194 1168 2276 debeat,
1186 2197 1249 2262 nisi
1271 2197 1304 2262 in

109 2301 167 2365 illa
183 2297 322 2381 ciuitate,
338 2301 371 2365 in
386 2319 449 2383 qua
465 2318 579 2367 causae
602 2304 676 2368 sunt
691 2302 850 2382 subortae,
874 2302 957 2368 sicut
977 2300 1011 2365 in
1029 2300 1131 2366 literis
1146 2301 1305 2384 principa·

109 2405 184 2472 liter
207 2405 385 2472 continetur
405 2406 539 2488 plenius.

216 2511 246 2576 3.
269 2510 350 2576 Item
366 2511 392 2576 ι1
409 2511 601 2576 camerarius
616 2511 733 2576 Noster
744 2511 907 2595 judicibus
923 2515 955 2576 et
970 2510 1126 2576 dictarum
1141 2510 1307 2577 ciuitatum

112 2615 236 2683 ciuibus
262 2615 385 2681 dederit
407 2617 440 2682 in
463 2614 629 2696 mandatis,
661 2621 697 2680 ut
727 2635 840 2682 causas
871 2616 1087 2698 cuiuscunque
1108 2614 1185 2680 lacti
1207 2616 1240 2680 in
1263 2617 1307 2681 oi·

111 2721 213 2786 uitate
236 2720 381 2785 subortas
411 2739 474 2784 non
502 2719 638 2785 debeant
663 2719 811 2803 judicare
840 2718 934 2784 etde
957 2705 1077 2784 eisdem
1100 2721 1205 2785 causis
1226 2721 1306 2785 nulli

109 2825 218 2890 lacere
242 2824 393 2907 justiciae
416 2824 687 2908 complementum
725 2823 948 2890 nichilominus
980 2824 1210 2903 columnam
1245 2824 1308 2907 ipsi
1343 2875 1346 2880 .

106 2927 256 3012 judexet
265 2928 353 3011 jurat
353 2949 364 2994 1
356 2928 523 3012 praedict
524 2947 592 2994 ιιι
576 2945 688 2993 ιιιιιι
700 2928 893 3011 judicentet
860 2927 1025 2992 etfacient
1040 2927 1124 2993 de
1096 2945 1143 2994 ιιι
1154 2928 1305 3011 justiciae

111 3033 322 3115 complement
322 3051 384 3113 um,
409 3033 497 3098 sed
488 3052 521 3099 ιιι
542 3032 705 3098 formam
692 3032 775 3116 Jnris
798 3032 896 3097 ciuita
896 3033 1095 3114 tiprioribus
1110 3033 1306 3115 temporibus

110 3137 328 3222 approbatam,
358 3142 471 3220 except
471 3137 499 3203 is
457 3137 630 3203 ttribus
661 3137 774 3216 causis,
809 3136 958 3201 videlicet
944 3135 1079 3216 tfalso⁷
1123 3141 1233 3220 stupro
1274 3142 1307 3202 et

110 3242 374 3326 praesumpcione
384 3239 562 3323 temeraria,
574 3261 636 3325 que
647 3241 886 3326 heJmsuohung
897 3241 1071 3323 vulgariter
1082 3241 1207 3321 dicitur,
1224 3261 1303 3324 quas

110 3354 177 3416 tres
202 3365 314 3414 causas
332 3348 399 3432 jam
422 3347 524 3413 dictas
539 3348 684 3413 volumus
700 3365 757 3430 per
771 3345 922 3411 Nostrum
938 3346 1146 3411 camerarium
1157 3346 1305 3429 judicari.

216 3453 247 3518 4.
270 3452 441 3518 Praeterea
462 3453 556 3518 dictis
579 3452 703 3518 ciuibus
726 3451 874 3515 duximus
895 3450 1077 3534 hujusmodi
1099 3450 1238 3532 graciam
1260 3451 1307 3515 fa-

113 3557 267 3639 ciendam,
296 3562 332 3622 ut
351 3558 478 3623 „nullam
506 3557 670 3624 collectam
692 3556 743 3620 uel
767 3560 907 3621 steuram
928 3554 1029 3621 Nobis
1051 3555 1128 3622 dare
1150 3558 1183 3621 et
1205 3555 1307 3620 exsol-

112 3682 190 3730 vere
220 3665 396 3744 teneantur,
429 3663 485 3728 sed
516 3662 618 3729 solum
647 3679 776 3728 censum
799 3661 964 3736 exsolvent
995 3660 1036 3725 de
1067 3659 1307 3739 hereditatibus,

113 3787 194 3851 quas
216 3766 258 3834 ad
278 3769 366 3851 ipsas
389 3768 535 3835 ciuitates
558 3787 615 3852 per
635 3785 743 3850 regem
765 3767 883 3834 habent
903 3768 1118 3843 mensuratas;
1142 3763 1231 3828 salvo
1245 3762 1305 3828 hoc

112 3874 220 3953 etiam,
245 3873 425 3956 quicunque
437 3892 493 3938 rex
509 3871 607 3940 filiam
622 3870 673 3938 vel
687 3869 770 3938 filias
788 3889 863 3937 suas
879 3871 1006 3936 duxerit
1019 3868 1156 3934 maritali
1173 3868 1304 3951 copulae

113 3976 358 4096 conjungendas,
389 3980 503 4043 extunc
525 3975 901 4044 volumusuthomines
925 3975 1041 4040 civium
1062 3975 1095 4038 in
1118 3973 1203 4038 villis
1224 3973 1304 4038 resi-

112 4059 226 4150 dentes
250 4081 412 4148 collectam
441 4082 493 4148 uel
516 4083 654 4148 steuram
684 4081 847 4148 exsolvere
870 4079 1014 4160 debeant,
1046 4097 1142 4162 quam
1163 4077 1306 4145 hominos

110 4187 267 4253 nobilium
281 4188 509 4272 terrigenarum
524 4186 699 4253 dabuntet
685 4186 886 4267 texsolvent,
863 4183 1059 4249 tuidelioet
1079 4183 1121 4248 de
1138 4183 1230 4248 laneo
1244 4181 1306 4248 fer-

111 4299 230 4373 tonem,
254 4295 389 4374 quatuor
417 4307 544 4374 grossos
566 4289 712 4357 denarios
738 4287 947 4373 computando
976 4307 1034 4370 pro
1061 4287 1200 4370 fertone3
1230 4287 1307 4353 item

112 4395 230 4464 artifex
251 4394 452 4461 mechanicus
474 4395 521 4460 lot
507 4398 629 4474 tonem3
660 4395 737 4460 item
759 4394 799 4460 de
821 4393 963 4478 quolibet
982 4393 1161 4459 molendino
1182 4393 1304 4476 integro
