3225 5017
444 336 509 406 Gap.
527 335 560 390 V.
578 335 792 392 Metallilodinae
810 343 838 390 ot
854 338 957 392 nrbura
974 339 1059 407 regia.
1298 342 1348 392 149

154 527 207 590 est
227 525 397 618 professus,
423 528 507 611 quod
529 527 723 594 Theoderico
746 531 801 610 qui
824 529 977 596 Vrlberch
1000 530 1125 610 dicitur,
1152 529 1221 595 viro
1243 531 1350 595 veraci

154 632 189 692 et
209 625 383 712 fidedigno.
401 636 434 698 at
456 633 594 699 Gomoto
617 633 701 699 dioto
717 633 816 716 Nigro
838 635 973 719 aliisque
996 636 1064 700 suis
1083 633 1253 700 heredibus
1276 653 1347 717 per·

151 737 251 814 petuo
267 737 443 816 porrexerit
461 738 637 819 stollonam,
661 739 715 822 qui
741 737 858 820 „Stollo
878 739 1078 822 Vribargeri“
1103 729 1292 819 nominatur,
1317 742 1349 804 at
1466 832 1470 843 ι

155 837 265 919 alium,
279 859 383 923 quem
408 839 592 924 „stollonem
613 843 869 926 profundiorem
893 845 1062 926 appellant.

259 943 470 1014 Profitebatur
498 948 594 1012 etiam
615 947 696 1028 E-r,
727 947 813 1029 quod
835 948 971 1028 stolloni,
994 949 1049 1030 qui
1071 967 1091 1012 a
1112 946 1168 1012 Th.
1192 946 1346 1012 Vriberch

151 1065 269 1114 nomen
291 1051 421 1115 sortitus
444 1056 502 1132 ost,
533 1069 591 1134 por
617 1053 738 1134 justam
760 1057 793 1117 et
821 1071 929 1118 veram
959 1052 1149 1119 sententiam
1170 1051 1204 1116 hi
1226 1055 1348 1116 montes

151 1149 272 1217 fuerint
292 1152 467 1236 adjudicati
489 1175 595 1221 coram
617 1157 703 1239 ipso:
733 1156 937 1238 legerberch‚
960 1156 1127 1236 Vberscar‚
1147 1155 1349 1243 ‘Hortwiges-

152 1255 260 1336 berch,
283 1256 585 1340 Breitbartesberoh,
608 1259 865 1342 scubelesberoh,
896 1261 1220 1340 Helmerichesberch‚
1244 1260 1348 1324 Buch-

146 1359 250 1456 'berch
262 1362 389 1443 juvenis
405 1367 438 1428 et
452 1363 487 1429 B.
504 1366 662 1450 antiquus,
686 1365 907 1446 Lettonberch,
929 1365 1176 1449 Clophusborch‚
1192 1363 1347 1443 Hohalda

151 1461 360 1532 Haberberoh
382 1471 414 1532 at
437 1487 566 1552 campus
596 1469 734 1536 incultus
765 1470 816 1536 his
839 1471 996 1537 montibus
1019 1470 1218 1553 interjacens
1250 1468 1349 1533 donec

152 1566 301 1636 adriam
324 1571 546 1653 procedentem
577 1593 674 1657 penes
697 1574 871 1657 hospitium
902 1576 1030 1659 saepius
1057 1574 1134 1639 dicti
1156 1573 1212 1638 Th.
1236 1591 1348 1638 versus

152 1671 269 1738 Villam
293 1674 419 1741 Ottonis
442 1696 543 1761 usquc
566 1681 606 1744 ad
621 1683 759 1746 montem
774 1679 894 1745 dictum
909 1678 1065 1758 Hohalde,
1089 1680 1146 1745 sub
1162 1678 1222 1742 hac
1236 1677 1347 1757 forma,

155 1777 242 1859 quod
266 1778 327 1844 sibi
350 1799 422 1846 cnm
444 1785 589 1850 omnibus
611 1785 711 1850 laneis
739 1784 857 1850 domini
879 1778 973 1867 regis,
1005 1782 1123 1848 domini
1146 1781 1293 1847 Smilonis
1316 1785 1349 1846 et

153 1880 282 1963 ciuium,
307 1885 392 1951 omni
410 1887 482 1971 jure
501 1888 609 1970 justas
631 1889 835 1972 proprietatis
857 1889 994 1954 debeant
1015 1887 1203 1952 subservire.

257 1995 406 2067 (Sternbcrq
429 1999 490 2051 Urlc.
510 2004 551 2054 11.
570 1995 637 2055 Emi.
657 2002 693 2053 Π.
713 2004 783 2068 195.)

257 2162 349 2229 mua.
375 2165 403 2229 a
420 2163 505 2230 Junr.
530 2165 627 2232 aura
650 2145 795 2231 civium
818 2167 857 2230 in
879 2164 1009 2229 arona
1030 2162 1121 2248 (oon
1137 2162 1167 2229 J.
1184 2162 1219 2228 a
1236 2161 1260 2228 1.
1278 2163 1344 2244 uo.)

260 2267 353 2334 1303.
376 2268 559 2334 Romnndus
582 2270 624 2335 de
638 2270 870 2352 Luohtenburg,
893 2269 970 2334 baro
992 2267 1078 2350 regis
1100 2270 1134 2331 et
1154 2268 1243 2348 regni
1264 2266 1346 2332 Boe

149 2370 235 2434 miae
261 2371 387 2452 „villam
410 2373 641 2440 Barthusodori
660 2374 767 2440 abbati
782 2373 956 2449 Sedlicensi
972 2391 1009 2438 ac
1024 2372 1204 2438 abbatissae
1224 2369 1345 2436 Sancti-

150 2473 335 2540 moniulium
349 2475 382 2560 in
397 2475 489 2542 Valla
505 2476 535 2544 S.
552 2477 594 2543 M.
611 2477 668 2543 V.“
699 2479 841 2544 vendidit
863 2497 953 2560 „cnm
975 2476 1119 2542 omnibus
1142 2474 1359 2555 utilitatibus,-'

151 2579 220 2643 sive
242 2579 276 2643 in
293 2581 431 2662 metallo,
454 2582 487 2646 in
501 2583 628 2663 urbura,
652 2582 685 2647 in
696 2583 818 2665 judicio
834 2585 903 2661 etc..
927 2584 1059 2663 excepta
1078 2580 1195 2645 urbura
1211 2579 1345 2643 duorum

153 2681 331 2764 stollonum,
356 2684 418 2749 uid.
442 2684 617 2766 Henmurgi
641 2690 673 2750 et
695 2685 845 2765 Thimari,
870 2704 941 2748 cum
963 2684 1102 2766 antiquis
1124 2683 1280 2749 montanis
1303 2682 1343 2747 ad

150 2785 254 2852 dictos
277 2789 425 2854 stollones
449 2791 622 2876 secundum
648 2790 721 2872 jura
750 2793 969 2854 montanorum
991 2787 1216 2870 spectantibus,
1249 2806 1344 2868 quam

150 2890 243 2957 nobis
265 2895 506 2976 reservavimus,
536 2899 663 2980 praeter
693 2894 857 2974 decimam,
889 2912 985 2975 quam
1007 2892 1187 2957 ordinamus
1210 2892 1280 2956 dari
1301 2891 1343 2956 ad

150 2993 277 3062 Vallem
297 2997 439 3080 Virginis
461 2999 646 3082 gloriosae.“

259 3109 359 3173 (omre
376 3110 413 3164 11.
431 3114 519 3178 rora.)

256 3267 349 3332 1303.
373 3268 522 3334 Albortus
541 3268 641 3351 judex
662 3268 703 3333 de
724 3267 832 3339 Medio
851 3266 960 3333 Monte
982 3271 1015 3331 et
1028 3264 1213 3348 Henningus
1229 3265 1342 3330 Stuoh-

148 3369 260 3450 winus,
295 3389 495 3436 concessores
532 3371 684 3436 montium
715 3372 804 3454 regni
837 3371 987 3437 Boemiae
1020 3373 1052 3436 in
1085 3371 1231 3435 districtu
1264 3371 1342 3435 Bro-

149 3473 257 3538 densi:
283 3476 342 3556 „ob
363 3476 461 3540 totius
483 3477 572 3558 regni
594 3477 763 3541 utilitatem
786 3479 820 3540 et
840 3475 1015 3558 profectum
1034 3475 1074 3541 de
1090 3475 1245 3541 communi
1269 3493 1342 3539 con-

148 3577 222 3642 silio
238 3581 271 3643 et
293 3597 447 3644 consensu
470 3580 585 3646 civium
607 3581 639 3646 in
655 3580 760 3645 Broda
781 3581 946 3646 stollonem
962 3582 1058 3648 situm
1077 3580 1111 3645 in
1125 3578 1302 3660 Mammas,
1312 3581 1341 3659 ι)

148 3682 270 3747 dictum
291 3685 375 3766 vulg.
399 3685 432 3750 in
455 3685 711 3765 Golden-buseio,
735 3702 829 3768 quem
844 3684 1021 3750 desolatum
1036 3690 1069 3750 ot
1084 3685 1244 3750 desertum
1260 3685 1342 3749 sicut

145 3785 200 3869 jus
228 3791 447 3852 montanorum
476 3789 618 3871 requirit,
648 3787 836 3867 invenimus,
864 3787 956 3853 fratri
984 3788 1134 3853 Heinrico
1160 3791 1340 3871 praeposito

149 3891 436 3958 sanctimonialium
464 3893 497 3956 in
526 3891 619 3958 Valle
647 3891 677 3958 S.
709 3890 751 3958 M.
783 3897 816 3956 et
837 3891 1008 3972 Friderico,
1041 3892 1193 3973 magistro
1225 3895 1341 3958 montis

148 3995 277 4076 ibidem,
302 4000 335 4059 et
357 3994 509 4061 Godfrido
531 4014 569 4060 ac
591 3997 725 4062 caeteris
748 4015 858 4061 eorum
881 3996 1112 4062 consultoribus
1133 4032 1177 4043 m
1191 3997 1264 4079 jura
1285 3997 1340 4062 he-

147 4099 311 4186 reditario,
334 4119 391 4184 pro
413 4101 501 4182 regia
520 4106 610 4182 parta
624 4101 851 4181 tantummodo,
874 4102 1063 4166 contulimus
1085 4104 1247 4165 eteorum
1269 4120 1340 4165 suc-

148 4205 329 4271 cessoribus
352 4206 584 4271 excolendum.“

258 4320 277 4382 ι)
296 4315 444 4370 Mucourov
463 4315 614 4384 (Matzaron
632 4318 702 4384 202).

255 4405 337 4472 (osy.
356 4405 417 4457 oiol.
435 4405 505 4457 onio.
524 4404 670 4474 Properate.
691 4403 826 4472 aramum
849 4403 908 4455 Urlc.
927 4407 968 4456 60.
988 4433 1022 4442 -
1040 4406 1107 4457 Erul.
1126 4405 1162 4459 II.
1184 4411 1270 4471 1981.)
1312 4441 1315 4445 -
