3225 5017
564 364 668 413 270
1391 404 1396 416 ,
1429 354 1560 425 Cap.
1594 353 1690 408 IX.
1723 353 2083 409 Universitas.

549 553 861 638 juraverit
903 571 981 618 ex
1027 555 1199 617 certa
1244 568 1437 616 causa
1481 567 1553 616 se
1595 553 1906 616 rectorem
1951 549 2187 615 habere
2248 553 2633 632 suspectum,
2681 566 2939 613 causam

557 657 978 740 suspicionis„
1022 655 1349 738 exprimat,
1439 655 1723 722 abhibito
1796 656 2189 738 jurament03
2284 656 2349 718 et
2439 657 2666 719 extunc
2737 657 2947 719 rector

557 775 814 829 causam
857 760 1270 845 principalem
1329 760 1582 842 deleget
1648 778 1957 842 personae
2013 777 2140 823 non
2209 762 2560 841 suspectae,
2631 778 2793 842 quae
2860 761 2947 824 sit

555 859 904 935 membrum
946 866 1136 949 hujus
1181 863 1653 945 Universitatis,
1700 884 1813 931 seu
1874 864 2107 948 aliquis
2160 863 2508 929 vicerector
2568 865 2768 945 detur,
2832 864 2947 946 qui

558 973 638 1037 de
684 989 876 1038 causa
918 971 1297 1054 suspicionis
1358 970 1605 1053 judicet
1665 975 1730 1034 et
1779 971 1986 1052 ipsam
2046 968 2321 1034 diffiniat
2378 968 2541 1034 infra
2603 973 2742 1033 octo
2802 967 2945 1032 dies

559 1097 702 1143 cum
747 1076 1124 1144 consiliariis
1170 1075 1642 1142 Universitatis,
1704 1074 1845 1153 Qua
1897 1073 2169 1156 -probata
2226 1074 2577 1140 vicerector
2632 1073 2802 1138 idem
2864 1072 2946 1137 de

556 1181 889 1265 principali
936 1200 1129 1247 causa
1175 1185 1542 1263 cognoscat3
1606 1181 1720 1245 illa
1770 1199 1908 1247 non
1948 1180 2215 1262 probata
2271 1180 2555 1245 remittat
2596 1178 2949 1244 vicerector

552 1288 724 1352 illam
771 1305 1028 1353 causam
1071 1287 1154 1351 ad
1189 1286 1473 1370 judicem
1513 1289 1876 1351 recusatum
1918 1286 1957 1349 i.
2010 1305 2061 1351 e.
2110 1285 2192 1350 ad
2226 1288 2561 1350 rectorem.

764 1391 942 1472 Item,
1001 1409 1126 1456 non
1187 1391 1376 1458 debet
1433 1391 1596 1456 alius
1656 1390 2015 1455 intitulatus
2075 1388 2491 1455 Universitati
2556 1392 2810 1454 nostrae
2868 1407 2949 1453 ac

551 1500 802 1581 juratus
849 1498 1042 1562 alium
1087 1495 1478 1561 intitulatum
1506 1495 1763 1561 trahere
1814 1496 1879 1560 in
1902 1494 2233 1577 judicium,
2271 1494 2396 1560 nisi
2440 1498 2587 1561 ante
2630 1495 2947 1559 rectorem

558 1601 1026 1668 Universitatis,
1101 1600 1283 1680 Item,
1338 1600 1394 1666 si
1437 1601 1668 1665 rectori
1728 1598 2178 1682 Universitatis
2236 1603 2520 1683 tempore
2580 1598 2679 1663 sui
2737 1600 2948 1662 recto-

552 1711 728 1772 ratus
771 1724 886 1788 per
927 1705 1279 1771 membrum
1308 1703 1759 1769 Universitatis
1803 1723 2220 1787 quaecunque
2262 1704 2493 1787 injuria
2520 1703 2699 1769 illata
2727 1701 2945 1781 fuerit,

554 1811 745 1878 realis
790 1813 902 1877 aut
945 1810 1238 1889 verbalis,
1309 1809 1681 1875 convocabit
1724 1809 2060 1890 magistros
2108 1809 2386 1873 omnium
2436 1808 2810 1873 facultatum
2881 1810 2951 1871 et

555 1918 866 1999 proponet
909 1933 1197 1992 causam3
1245 1915 1354 1996 qui
1399 1914 1522 1980 sibi
1568 1932 1764 1979 unum
1822 1914 1923 1978 vel
1968 1913 2183 1995 plures
2243 1913 2636 1995 deputabunt
2685 1910 2946 1995 judices

553 2022 619 2086 in
663 2021 784 2085 hac
829 2037 1041 2086 causa.
1087 2019 1174 2083 Et
1215 2017 1525 2101 quidquid
1568 2018 1786 2083 taliter
1830 2018 2117 2100 deputati
2155 2017 2599 2101 judicaverint,
2646 2020 2949 2081 teneatur

552 2128 683 2190 tam
728 2145 766 2189 a
809 2128 1072 2204 rectore,
1119 2115 1310 2205 quam
1354 2141 1394 2186 a
1437 2126 1620 2205 parte
1666 2121 2035 2187 offendente.

759 2228 920 2294 Item
977 2232 1186 2293 rector
1241 2227 1343 2293 bis
1385 2227 1453 2292 in
1498 2226 1852 2309 septimana
1896 2226 2087 2291 debet
2128 2225 2494 2309 praesidere
2556 2225 2619 2290 in
2673 2225 2945 2308 judicio,

550 2353 663 2400 seu
705 2334 914 2398 tertiis
958 2336 1025 2398 et
1067 2332 1306 2414 quintis
1349 2330 1528 2396 feriis
1573 2331 1673 2394 vel
1706 2331 1868 2411 aliis,
1916 2350 2075 2412 quas
2106 2331 2287 2395 duxit
2323 2330 2689 2412 eligendas3
2720 2332 2944 2411 potest

552 2443 781 2518 tamen,
829 2441 902 2501 ut
944 2436 1185 2501 dictum
1252 2439 1368 2515 est,
1437 2435 1490 2499 si
1536 2435 1810 2500 voluerit
1876 2439 1940 2500 et
1996 2453 2258 2509 necesse
2323 2434 2533 2514 fuerit,
2602 2434 2769 2498 omni
2835 2434 2948 2498 die

545 2543 789 2626 judicio
834 2541 1219 2624 praesidere,
1268 2541 1461 2606 etiam
1505 2541 1611 2605 die
1654 2541 1897 2607 feriata.
2661 2536 2668 2543 ''

760 2648 817 2713 7.
867 2645 982 2710 Ad
1027 2645 1224 2730 quid
1267 2649 1720 2711 teneantur
1764 2646 2082 2712 rectori
2128 2645 2569 2728 supposita
2598 2643 2947 2711 Univer-

554 2751 868 2818 sitatis
909 2749 1200 2816 Rectoris
1241 2751 1813 2830 convocationibus,
1852 2751 2253 2816 citationibus
2286 2754 2351 2814 et
2371 2749 2758 2833 judiciorum
2796 2767 2947 2814 sen-

549 2857 766 2922 tentiis
796 2861 859 2921 et
891 2856 1282 2922 concordatis
1307 2860 1499 2939 atque
1523 2855 1843 2935 mandatis
1865 2856 2345 2923 rationabilibus
2369 2856 2578 2920 omnia
2608 2854 2946 2920 Universi-

550 2963 702 3027 tatis
733 2962 1014 3028 membra
1043 2964 1340 3027 tenentur
1362 2959 1656 3040 obedire3
1692 2965 1757 3025 et
1791 2961 1846 3026 si
1885 2961 2027 3043 quis
2058 2965 2388 3042 gravatum
2420 2979 2489 3026 se
2507 2960 2944 3042 reputaverit,

551 3064 1000 3132 Universitatis
1045 3066 1352 3132 auxilium
1393 3066 1691 3148 imploret
1736 3083 1935 3148 super
1976 3065 2103 3130 illo.

752 3171 915 3236 Item
960 3171 1192 3236 citatus
1236 3190 1274 3236 a
1317 3175 1563 3236 rectore
1608 3170 1711 3236 vel
1760 3171 2166 3250 vicerectore,
2229 3171 2285 3236 si
2330 3174 2665 3235 contumax
2721 3169 2942 3251 fuerit,

550 3276 848 3343 citabitur
876 3278 1138 3357 iterat03
1171 3277 1341 3359 quod
1371 3275 1426 3341 si
1459 3279 1795 3342 contumax
1824 3276 2035 3356 fuerit,
2072 3277 2275 3342 solvet
2304 3295 2497 3341 unum
2520 3293 2845 3357 grossum3
2882 3277 2941 3340 si

546 3381 752 3461 tertio,
779 3381 984 3446 solvet
1006 3381 1166 3446 duos
1188 3399 1424 3464 gross.;
1451 3382 1507 3446 si
1529 3385 1775 3465 quart0‚
1805 3382 1871 3446 in
1890 3382 2097 3447 tribus
2118 3399 2316 3463 gross
2341 3381 2655 3463 punietur.
2688 3380 2941 3458 Quodsi

543 3503 660 3550 nec
704 3484 911 3550 adhuc
941 3503 1304 3568 comparere
1338 3485 1628 3567 voluerit,
1673 3486 1777 3552 vel
1800 3485 2176 3551 sententiam
2202 3487 2417 3551 contra
2450 3502 2519 3549 se
2543 3483 2776 3550 factam
2799 3501 2940 3549 ser-

548 3585 711 3654 vare
745 3589 1072 3673 spreverit,
1106 3589 1186 3656 de
1218 3592 1530 3656 communi
1562 3591 1823 3657 consilio
1847 3609 1887 3656 a
1910 3591 2284 3657 lectionibus
2316 3608 2429 3672 per
2453 3591 2940 3672 suspensionem

548 3693 865 3776 publicam
885 3694 1248 3778 hujusmodi
1271 3696 1658 3762 excludatur.
1694 3697 1936 3776 Quodsi
1958 3713 2074 3760 nec
2096 3694 2270 3760 illam
2294 3713 2563 3777 poenam
2595 3698 2938 3779 curaverit,

551 3797 664 3863 sed
692 3817 808 3881 per
828 3799 1210 3881 quindenam
1230 3801 1297 3865 in
1321 3801 1716 3866 contumacia
1738 3819 1854 3866 sua
1875 3799 2293 3883 permanserit
2306 3800 2648 3883 judicatuS‚
2681 3819 2759 3866 ex
2782 3805 2942 3867 tunc

547 3901 740 3970 trium
770 3903 1017 3970 dierum
1045 3905 1389 3970 monitione
1434 3905 1785 3987 praemissa
1808 3924 1847 3970 a
1874 3909 2138 3986 rectore,
2170 3923 2334 3987 quae
2362 3923 2477 3989 per
2518 3905 2839 3989 pedellum
2869 3907 2940 3972 in

549 4007 781 4071 scholis
812 4006 1076 4089 singulis
1121 4007 1549 4089 publicabitur
1590 4008 1657 4073 in
1689 4010 2171 4091 congregatione
2199 4007 2647 4075 Universitatis
2686 4011 2769 4074 ad
2814 4011 2939 4076 hoc

548 4111 733 4193 facta,
782 4115 936 4177 tunc
983 4131 1023 4177 a
1067 4129 1329 4194 corpore
1373 4111 1823 4178 Universitatis
1865 4118 2165 4195 tanquam
2208 4113 2555 4180 membrum
2606 4115 2939 4197 putridum

545 4216 959 4296 rescindatur,
992 4217 1058 4280 et
1077 4215 1437 4281 inhibeatur
1467 4215 1919 4282 Universitatis
1950 4217 2317 4300 suppositiS,
2348 4237 2430 4284 ne
2461 4237 2603 4282 cum
2630 4219 2745 4283 tali
2777 4238 2935 4301 quo-

547 4321 892 4387 modolibet
931 4325 1386 4386 conversentur
1428 4321 1494 4386 in
1540 4321 1785 4387 actibus
1826 4321 2247 4404 scholasticiS,
2276 4326 2408 4387 tam
2439 4323 2709 4405 publicis
2740 4343 2934 4407 quam

544 4425 826 4506 privatis.
887 4424 1093 4491 Debet
1132 4429 1346 4492 tamen
1388 4430 1595 4490 rector
1653 4425 1719 4491 in
1765 4445 1956 4492 causa
2014 4426 2281 4492 multum
2326 4427 2524 4492 ardua
2582 4428 2931 4509 procedere
