3225 5017
384 341 388 350 ⁸
438 368 502 436 Cap.
521 367 566 422 IV.
584 369 674 422 Berua
692 336 774 437 regia.
1153 375 1202 423 133

39 607 41 612 .
118 558 209 624 1386.
244 560 292 624 11.
316 559 394 625 Nov.
423 559 693 625 Weuceslaus
725 565 782 626 etc.
816 561 995 642 Religiosis
1027 561 1203 640 abbatibus

9 663 210 744 praeposItiS,
222 664 538 745 commendatoribus⁷
552 665 728 748 ceterisque
744 665 1006 730 monasteriorum
1017 665 1202 745 rectoribus

10 784 70 830 uec
93 785 153 831 uou
176 769 337 850 magistris
360 768 485 850 ciuium,
513 769 675 852 judicibus
706 773 738 833 et
755 770 872 852 juratis
896 769 1017 835 civibus
1040 769 1210 843 ciuitatum·

9 870 99 952 regui
129 872 229 938 nostri
259 872 418 952 Boemiae‚
449 873 491 938 ad
521 892 599 958 quos
628 877 812 957 praesentes
842 875 1051 955 pervenerint,
1082 874 1204 939 devotis

9 979 44 1058 et
65 973 212 1042 fidelibus
235 978 301 1042 suis
325 978 458 1058 dilectis
482 981 616 1060 gratiam
640 997 729 1044 suam
753 983 785 1043 et
807 997 899 1043 omne
921 980 1046 1044 bouuru.
1113 1003 1116 1008 ’
1214 968 1216 971 ’

113 1081 229 1146 Devoti
252 1086 285 1148 et
306 1081 416 1148 fideles
439 1082 563 1148 dilecti!
588 1084 671 1162 Quia
693 1085 773 1148 alias
798 1083 881 1148 siout
896 1084 1075 1166 accepimus
1093 1084 1127 1148 iu
1149 1102 1205 1165 po-

7 1185 126 1251 sitione
148 1187 242 1267 primi
263 1183 398 1269 termini,
422 1188 571 1253 uidelicet
592 1185 825 1253 Purificatiouis
848 1187 878 1252 S.
901 1187 1024 1254 Mariae
1053 1192 1204 1271 proter-

7 1290 96 1354 miuo
118 1288 148 1355 S.
173 1289 312 1372 Martini,
340 1293 424 1357 circa
447 1293 774 1358 solutionem‘beruae
796 1298 922 1359 uestrae
945 1311 1033 1358 error
1055 1311 1093 1357 ex
1115 1287 1205 1359 inad-

6 1395 166 1459 verteutia
189 1413 333 1461 camerae
355 1400 482 1462 nostrae
504 1397 619 1462 notarii
642 1401 700 1463 etc.
726 1399 923 1478 commissus,
953 1415 1074 1481 uosque
1095 1397 1205 1480 hujus-

6 1499 97 1563 modi
118 1499 236 1565 beruae
263 1502 414 1583 pecunias
438 1502 532 1567 certis
562 1503 678 1568 uostris
711 1503 919 1569 creditoribus
943 1520 1040 1586 super
1068 1501 1149 1566 festo
1173 1500 1202 1565 S.

6 1602 141 1669 Martini
162 1623 245 1670 uuuc
267 1609 426 1672 transacto
447 1606 613 1672 solvendas
628 1606 788 1672 noscimur
803 1607 990 1688 deputasse:
1014 1605 1204 1688 requirimus

6 1707 109 1789 igitur
138 1727 193 1774 vos
223 1711 443 1792 praesentibus
477 1711 596 1776 seriose
626 1711 777 1791 volentes,
808 1715 965 1793 quatenus
996 1710 1203 1789 consideratu,

6 1813 96 1894 quod
125 1815 259 1895 gratiam
288 1815 378 1881 vobis
408 1814 525 1881 Nostra
546 1816 665 1881 faceret
696 1815 870 1897 Celsitudo,
903 1817 1055 1898 pecunias
1084 1815 1202 1880 beruae

7 1920 146 1998 vestrae,
170 1904 210 1983 'et
232 1919 259 1984 si
288 1937 352 1984 nou
373 1920 504 2002 integre,
535 1920 647 1985 saltem
677 1920 771 2002 primi
801 1920 937 1999 termini,
968 1919 1089 2005 Pragae
1119 1918 1205 2001 apud

7 2019 241 2102 Weuceslaum
273 2041 417 2088 camerae
447 2028 574 2090 nostrae
603 2025 761 2088 notarium
786 2022 913 2089 fidelem
935 2012 1093 2103 dilectum,
1124 2023 1205 2088 iufra

6 2125 83 2190 hiuc
114 2130 157 2192 et.
167 2125 283 2192 festum
306 2126 336 2192 S.
360 2127 555 2194 Katharinae
584 2129 761 2212 proximum
791 2147 854 2194 uua
884 2148 955 2194 curu
984 2128 1086 2193 literis
1109 2146 1206 2210 super

5 2230 192 2312 hujusmodi
214 2231 312 2296 berna
342 2231 492 2298 confectis
523 2237 556 2298 et
577 2253 634 2316 per
655 2251 712 2298 vos
743 2233 890 2315 sigillatis
913 2233 1092 2298 omnimode
1113 2251 1205 2317 repo-

5 2334 102 2414 natis,
133 2336 252 2400 nullam
273 2336 306 2400 iu
328 2336 400 2417 hiis,
431 2341 526 2419 prout
547 2338 767 2419 gravissimam
794 2337 1043 2419 indignationem
1064 2341 1205 2407 nostram

5 2439 131 2504 evitare
153 2438 295 2521 diligitis,
319 2441 544 2523 negligentiam
567 2441 780 2520 commissum
812 2442 952 2524 alloquin
975 2442 1097 2521 damna,
1122 2460 1204 2524 quae

5 2562 46 2607 ex
70 2543 223 2610 dilatione
244 2549 350 2609 vestra
371 2546 536 2628 percipere
557 2565 624 2627 uos,
656 2547 741 2628 quod
767 2546 860 2625 absit,
885 2546 1061 2628 contigerit,
1092 2547 1125 2610 iu
1148 2564 1204 2611 vos

7 2647 193 2713 curabimus
215 2645 352 2713 finaliter
380 2653 563 2733 retorquere
593 2655 625 2715 et
654 2650 858 2715 nihilomiuus
887 2651 1066 2732 burgraviis
1087 2650 1204 2715 nostris

5 2751 216 2832 committere,
252 2756 288 2816 ut
320 2771 377 2818 vos
413 2754 739 2836 impignoratiouibus,
774 2754 1034 2821 arrestatiouibus
1068 2759 1101 2818 et
1132 2753 1204 2818 ali-is

4 2857 195 2938 opportunis
225 2857 375 2923 remediis
405 2859 445 2924 ad
475 2859 535 2924 hoo
566 2859 754 2941 compellere
781 2862 814 2924 et
835 2877 944 2924 arcere
974 2859 1110 2924 debeant
1133 2877 1204 2922 curn

5 2959 134 3026 effectu.
160 2961 278 3027 Datum
301 2961 463 3028 Karlsteiu
485 2964 538 3028 die
551 2963 605 3029 Xl.
622 2962 820 3043 Novembris,
843 2981 1011 3046 regnorum
1025 2967 1207 3027 nostrorum

6 3082 94 3130 anuo
117 3063 267 3132 Boemiae
288 3066 405 3147 XXIII,
428 3067 641 3133 Rornanorum
663 3085 738 3133 vero
760 3067 836 3132 XI*
1201 3080 1203 3084 ·

638 3172 844 3238 Wlachuicko
868 3172 908 3238 de
930 3171 1158 3255 Wayteumule.
1178 3186 1202 3245 J

116 3307 186 3376 (0001
206 3309 285 3375 cupit.
304 3310 384 3379 Proq.
402 3311 424 3364 I.
442 3315 484 3363 40.
504 3340 537 3350 -
555 3311 594 3364 1t.
614 3312 684 3378 170.)

115 3483 207 3548 1389.
232 3483 385 3550 201166·
428 3484 698 3550 Weuceslaus
722 3489 780 3550 ete.
812 3484 978 3550 Uuiversis
1002 3488 1040 3565 [et
1066 3485 1200 3566 siugulis

6 3587 214 3670 principibus,
253 3589 477 3655 ecclesiasticis
510 3594 542 3655 et
573 3590 778 3670 secularibus,
813 3591 989 3669 abbatibus,
1020 3589 1200 3670 abbatissis,

8 3692 202 3774 praepositis
218 3697 251 3758 et
265 3695 425 3776 praelatis,
448 3686 628 3774 baronibus,
652 3695 820 3774 nobilibus,
843 3681 1007 3774 militibus,
1024 3693 1201 3773 clientibus,

6 3796 198 3878 burgraviis⁷
236 3795 432 3878 officialibus
467 3799 627 3880 magistris
662 3799 786 3880 oinium,
822 3798 991 3880 judicibus,
1022 3798 1137 3880 juratis
1171 3801 1204 3862 et

7 3901 288 3968 communitatibus
311 3903 483 3984 civitatum,
507 3903 703 3986 oppidorum,
727 3903 874 3968 villarum
897 3907 929 3967 et
947 3902 1095 3982 locorum,
1120 3908 1203 3966 cete-

5 4006 118 4087 risque
146 4007 262 4071 uostris
294 4011 326 4070 61
355 4025 488 4072 coronae
517 4009 606 4090 regui
628 4007 799 4073 Bohemiae
830 4007 965 4072 subditis
993 4010 1024 4071 et
1046 4004 1202 4087 fidelibus,

6 4109 146 4191 gratiam
168 4111 288 4192 regiam
310 4114 344 4175 et
366 4129 460 4176 omne
481 4112 605 4178 bouum.
686 4159 688 4164 -

115 4214 198 4293 Quia
227 4215 267 4280 de
297 4217 453 4282 communi
483 4217 637 4291 baronum
666 4217 756 4300 regui
777 4214 915 4280 Nostrae
937 4213 1109 4281 Bohemiae
1131 4233 1203 4280 cou-

7 4335 106 4384 seusu
122 4322 155 4382 et
169 4320 310 4385 uuauimi
325 4320 487 4385 voluntate
502 4321 680 4402 generalem
692 4321 823 4386 bernam
837 4337 895 4401 per
908 4337 1038 4401 reguum
1052 4319 1202 4385 Nostrum

6 4421 183 4488 Bohemiae
198 4423 230 4487 iu
246 4423 421 4489 subsidium
437 4424 647 4490 coronationis
662 4425 854 4490 conthoralIs
868 4421 1005 4489 Nostrae
1021 4425 1203 4490 carissimae
