<?xml version="1.0" encoding="UTF-8"?>
<!DOCTYPE html PUBLIC "-//W3C//DTD XHTML 1.0 Transitional//EN"
    "http://www.w3.org/TR/xhtml1/DTD/xhtml1-transitional.dtd">
<html xmlns="http://www.w3.org/1999/xhtml" xml:lang="en" lang="en">
 <head>
  <title>
</title>
<meta http-equiv="Content-Type" content="text/html;charset=utf-8" />
  <meta name='ocr-system' content='tesseract 3.04.00' />
  <meta name='ocr-capabilities' content='ocr_page ocr_carea ocr_par ocr_line ocrx_word'/>
</head>
<body>
  <div class='ocr_page' id='page_1' title='image "./codexjurisbohem02kingoog_0300.png"; bbox 0 0 3225 5017; ppageno 0'>
   <div class='ocr_carea' id='block_1_1' title="bbox 2561 0 3077 81">
    <p class='ocr_par' dir='ltr' id='par_1_1' title="bbox 2561 0 3077 81">
     <span class='ocr_line' id='line_1_1' title="bbox 2561 0 3077 81; baseline -0.01 -34"><span class='ocrx_word' id='word_1_1' title='bbox 2561 0 2588 47; x_wconf 67' lang='grc' dir='ltr'><strong>τ’</strong></span> <span class='ocrx_word' id='word_1_2' title='bbox 2631 0 3077 81; x_wconf 32' lang='lat' dir='ltr'><strong>‘st-*samm*</strong></span> 
     </span>
    </p>
   </div>
   <div class='ocr_carea' id='block_1_2' title="bbox 548 334 2077 406">
    <p class='ocr_par' dir='ltr' id='par_1_2' title="bbox 548 334 2077 406">
     <span class='ocr_line' id='line_1_2' title="bbox 548 334 2077 406; baseline -0.005 -9"><span class='ocrx_word' id='word_1_3' title='bbox 548 348 651 397; x_wconf 82' lang='lat'><strong>290</strong></span> <span class='ocrx_word' id='word_1_4' title='bbox 1417 335 1548 406; x_wconf 81' lang='lat' dir='ltr'><strong>Cap.</strong></span> <span class='ocrx_word' id='word_1_5' title='bbox 1584 334 1678 390; x_wconf 71' lang='lat' dir='ltr'><strong>DL</strong></span> <span class='ocrx_word' id='word_1_6' title='bbox 1715 334 2077 391; x_wconf 78' lang='lat' dir='ltr'><strong>Universitas.</strong></span> 
     </span>
    </p>
   </div>
   <div class='ocr_carea' id='block_1_3' title="bbox 531 498 2927 619">
    <p class='ocr_par' dir='ltr' id='par_1_3' title="bbox 531 498 2927 619">
     <span class='ocr_line' id='line_1_3' title="bbox 531 498 2927 619; baseline -0.003 -17"><span class='ocrx_word' id='word_1_7' title='bbox 531 533 930 619; x_wconf 90' lang='lat' dir='ltr'><strong>procedendi,</strong></span> <span class='ocrx_word' id='word_1_8' title='bbox 974 531 1056 598; x_wconf 90' lang='lat' dir='ltr'><strong>de</strong></span> <span class='ocrx_word' id='word_1_9' title='bbox 1099 525 1605 615; x_wconf 84' lang='lat' dir='ltr'><strong>quibuscumque</strong></span> <span class='ocrx_word' id='word_1_10' title='bbox 1649 525 2038 609; x_wconf 72' lang='lat' dir='ltr'><strong>criminibus,</strong></span> <span class='ocrx_word' id='word_1_11' title='bbox 2100 498 2384 595; x_wconf 76' lang='lat' dir='ltr'><strong>delictis&#39;</strong></span> <span class='ocrx_word' id='word_1_12' title='bbox 2417 535 2483 594; x_wconf 91' lang='lat' dir='ltr'><strong>et</strong></span> <span class='ocrx_word' id='word_1_13' title='bbox 2534 530 2927 612; x_wconf 89' lang='lat' dir='ltr'><strong>excessibus,</strong></span> 
     </span>
    </p>
   </div>
   <div class='ocr_carea' id='block_1_4' title="bbox 403 632 2928 725">
    <p class='ocr_par' dir='ltr' id='par_1_4' title="bbox 403 632 2928 725">
     <span class='ocr_line' id='line_1_4' title="bbox 403 632 2928 725; baseline -0.003 -16"><span class='ocrx_word' id='word_1_14' title='bbox 403 716 407 722; x_wconf 22' lang='lat'><strong>¹</strong></span> <span class='ocrx_word' id='word_1_15' title='bbox 536 660 650 725; x_wconf 91' lang='lat' dir='ltr'><strong>per</strong></span> <span class='ocrx_word' id='word_1_16' title='bbox 689 656 1126 723; x_wconf 82' lang='lat' dir='ltr'><strong>quemcunque</strong></span> <span class='ocrx_word' id='word_1_17' title='bbox 1169 653 1284 702; x_wconf 92' lang='lat' dir='ltr'><strong>seu</strong></span> <span class='ocrx_word' id='word_1_18' title='bbox 1328 651 1764 719; x_wconf 88' lang='lat' dir='ltr'><strong>quoscumque</strong></span> <span class='ocrx_word' id='word_1_19' title='bbox 1814 633 1897 699; x_wconf 92' lang='lat' dir='ltr'><strong>de</strong></span> <span class='ocrx_word' id='word_1_20' title='bbox 1941 632 2130 698; x_wconf 91' lang='lat' dir='ltr'><strong>dictis</strong></span> <span class='ocrx_word' id='word_1_21' title='bbox 2193 633 2647 716; x_wconf 88' lang='lat' dir='ltr'><strong>Universitate‚</strong></span> <span class='ocrx_word' id='word_1_22' title='bbox 2710 636 2928 719; x_wconf 89' lang='lat' dir='ltr'><strong>cujus-</strong></span> 
     </span>
    </p>
   </div>
   <div class='ocr_carea' id='block_1_5' title="bbox 539 737 2927 831">
    <p class='ocr_par' dir='ltr' id='par_1_5' title="bbox 539 737 2927 831">
     <span class='ocr_line' id='line_1_5' title="bbox 539 737 2927 831; baseline -0.002 -21"><span class='ocrx_word' id='word_1_23' title='bbox 539 764 784 831; x_wconf 85' lang='lat' dir='ltr'><strong>cunque</strong></span> <span class='ocrx_word' id='word_1_24' title='bbox 824 744 1017 810; x_wconf 86' lang='lat' dir='ltr'><strong>etiam</strong></span> <span class='ocrx_word' id='word_1_25' title='bbox 1061 738 1410 823; x_wconf 86' lang='lat' dir='ltr'><strong>dignitatis,</strong></span> <span class='ocrx_word' id='word_1_26' title='bbox 1456 737 1802 818; x_wconf 81' lang='lat' dir='ltr'><strong>facultatis,</strong></span> <span class='ocrx_word' id='word_1_27' title='bbox 1867 741 2092 817; x_wconf 86' lang='lat' dir='ltr'><strong>status,</strong></span> <span class='ocrx_word' id='word_1_28' title='bbox 2156 739 2411 820; x_wconf 89' lang='lat' dir='ltr'><strong>gradus,</strong></span> <span class='ocrx_word' id='word_1_29' title='bbox 2470 739 2731 821; x_wconf 90' lang='lat' dir='ltr'><strong>ordinis,</strong></span> <span class='ocrx_word' id='word_1_30' title='bbox 2780 758 2927 806; x_wconf 91' lang='lat' dir='ltr'><strong>con-</strong></span> 
     </span>
    </p>
   </div>
   <div class='ocr_carea' id='block_1_6' title="bbox 404 842 2946 930">
    <p class='ocr_par' dir='ltr' id='par_1_6' title="bbox 404 842 2946 930">
     <span class='ocr_line' id='line_1_6' title="bbox 404 842 2946 930; baseline -0.002 -14"><span class='ocrx_word' id='word_1_31' title='bbox 404 874 408 883; x_wconf 92' lang='lat'><strong>·</strong></span> <span class='ocrx_word' id='word_1_32' title='bbox 540 849 796 916; x_wconf 87' lang='lat' dir='ltr'><strong>ditionis</strong></span> <span class='ocrx_word' id='word_1_33' title='bbox 838 849 941 915; x_wconf 86' lang='lat' dir='ltr'><strong>vel</strong></span> <span class='ocrx_word' id='word_1_34' title='bbox 982 845 1521 930; x_wconf 81' lang='lat' dir='ltr'><strong>praeeminentiae</strong></span> <span class='ocrx_word' id='word_1_35' title='bbox 1561 842 1759 909; x_wconf 86' lang='lat' dir='ltr'><strong>fuerit</strong></span> <span class='ocrx_word' id='word_1_36' title='bbox 1799 861 1913 909; x_wconf 86' lang='lat' dir='ltr'><strong>seu</strong></span> <span class='ocrx_word' id='word_1_37' title='bbox 1943 842 2199 925; x_wconf 87' lang='lat' dir='ltr'><strong>fuerint,</strong></span> <span class='ocrx_word' id='word_1_38' title='bbox 2246 843 2626 927; x_wconf 88' lang='lat' dir='ltr'><strong>inquirendi,</strong></span> <span class='ocrx_word' id='word_1_39' title='bbox 2671 845 2946 930; x_wconf 85' lang='lat' dir='ltr'><strong>ipsaque</strong></span> 
     </span>
    </p>
   </div>
   <div class='ocr_carea' id='block_1_7' title="bbox 540 947 2966 4481">
    <p class='ocr_par' dir='ltr' id='par_1_7' title="bbox 540 947 2966 4481">
     <span class='ocr_line' id='line_1_7' title="bbox 540 947 2945 1034; baseline -0.003 -12"><span class='ocrx_word' id='word_1_40' title='bbox 540 954 820 1034; x_wconf 89' lang='lat' dir='ltr'><strong>crimina,</strong></span> <span class='ocrx_word' id='word_1_41' title='bbox 865 950 1100 1017; x_wconf 88' lang='lat' dir='ltr'><strong>delicta</strong></span> <span class='ocrx_word' id='word_1_42' title='bbox 1142 952 1210 1014; x_wconf 88' lang='lat' dir='ltr'><strong>et</strong></span> <span class='ocrx_word' id='word_1_43' title='bbox 1253 964 1553 1014; x_wconf 87' lang='lat' dir='ltr'><strong>excessus</strong></span> <span class='ocrx_word' id='word_1_44' title='bbox 1590 948 1778 1031; x_wconf 86' lang='lat' dir='ltr'><strong>juxta</strong></span> <span class='ocrx_word' id='word_1_45' title='bbox 1822 947 2159 1013; x_wconf 86' lang='lat' dir='ltr'><strong>canonicas</strong></span> <span class='ocrx_word' id='word_1_46' title='bbox 2190 950 2550 1015; x_wconf 80' lang='lat' dir='ltr'><strong>sanctiones</strong></span> <span class='ocrx_word' id='word_1_47' title='bbox 2578 950 2945 1033; x_wconf 87' lang='lat' dir='ltr'><strong>corrigendi</strong></span> 
     </span>
     <span class='ocr_line' id='line_1_8' title="bbox 544 1051 2940 1141; baseline -0.003 -16"><span class='ocrx_word' id='word_1_48' title='bbox 544 1064 611 1126; x_wconf 90' lang='lat' dir='ltr'><strong>et</strong></span> <span class='ocrx_word' id='word_1_49' title='bbox 651 1055 977 1141; x_wconf 90' lang='lat' dir='ltr'><strong>puniendi,</strong></span> <span class='ocrx_word' id='word_1_50' title='bbox 1024 1071 1101 1120; x_wconf 91' lang='lat' dir='ltr'><strong>ac</strong></span> <span class='ocrx_word' id='word_1_51' title='bbox 1145 1069 1432 1119; x_wconf 82' lang='lat' dir='ltr'><strong>carceres</strong></span> <span class='ocrx_word' id='word_1_52' title='bbox 1477 1051 1768 1135; x_wconf 90' lang='lat' dir='ltr'><strong>publicas</strong></span> <span class='ocrx_word' id='word_1_53' title='bbox 1812 1056 1877 1117; x_wconf 88' lang='lat' dir='ltr'><strong>et</strong></span> <span class='ocrx_word' id='word_1_54' title='bbox 1920 1051 2203 1133; x_wconf 85' lang='lat' dir='ltr'><strong>privatas</strong></span> <span class='ocrx_word' id='word_1_55' title='bbox 2243 1072 2358 1135; x_wconf 88' lang='lat' dir='ltr'><strong>pro</strong></span> <span class='ocrx_word' id='word_1_56' title='bbox 2388 1053 2752 1137; x_wconf 89' lang='lat' dir='ltr'><strong>hujusmodi</strong></span> <span class='ocrx_word' id='word_1_57' title='bbox 2799 1073 2940 1120; x_wconf 84' lang='lat' dir='ltr'><strong>cor-</strong></span> 
     </span>
     <span class='ocr_line' id='line_1_9' title="bbox 540 1154 2940 1243; baseline -0.002 -14"><span class='ocrx_word' id='word_1_58' title='bbox 540 1162 820 1230; x_wconf 84' lang='lat' dir='ltr'><strong>rectione</strong></span> <span class='ocrx_word' id='word_1_59' title='bbox 864 1165 930 1227; x_wconf 90' lang='lat' dir='ltr'><strong>et</strong></span> <span class='ocrx_word' id='word_1_60' title='bbox 972 1157 1301 1242; x_wconf 87' lang='lat' dir='ltr'><strong>punitione</strong></span> <span class='ocrx_word' id='word_1_61' title='bbox 1346 1154 1572 1222; x_wconf 87' lang='lat' dir='ltr'><strong>fiendis</strong></span> <span class='ocrx_word' id='word_1_62' title='bbox 1616 1156 1682 1221; x_wconf 90' lang='lat' dir='ltr'><strong>in</strong></span> <span class='ocrx_word' id='word_1_63' title='bbox 1729 1154 1903 1221; x_wconf 85' lang='lat' dir='ltr'><strong>dicta</strong></span> <span class='ocrx_word' id='word_1_64' title='bbox 1954 1154 2214 1222; x_wconf 88' lang='lat' dir='ltr'><strong>civitate</strong></span> <span class='ocrx_word' id='word_1_65' title='bbox 2274 1155 2599 1241; x_wconf 87' lang='lat' dir='ltr'><strong>Pragensi,</strong></span> <span class='ocrx_word' id='word_1_66' title='bbox 2663 1159 2940 1243; x_wconf 87' lang='lat' dir='ltr'><strong>eligendi</strong></span> 
     </span>
     <span class='ocr_line' id='line_1_10' title="bbox 545 1259 2944 1346; baseline -0.002 -12"><span class='ocrx_word' id='word_1_67' title='bbox 545 1273 611 1335; x_wconf 89' lang='lat' dir='ltr'><strong>et</strong></span> <span class='ocrx_word' id='word_1_68' title='bbox 673 1263 950 1346; x_wconf 86' lang='lat' dir='ltr'><strong>tenendi,</strong></span> <span class='ocrx_word' id='word_1_69' title='bbox 1019 1282 1093 1330; x_wconf 88' lang='lat' dir='ltr'><strong>ac</strong></span> <span class='ocrx_word' id='word_1_70' title='bbox 1160 1261 1330 1346; x_wconf 91' lang='lat' dir='ltr'><strong>quod</strong></span> <span class='ocrx_word' id='word_1_71' title='bbox 1398 1259 1771 1341; x_wconf 88' lang='lat' dir='ltr'><strong>decreverit,</strong></span> <span class='ocrx_word' id='word_1_72' title='bbox 1841 1278 1959 1343; x_wconf 90' lang='lat' dir='ltr'><strong>per</strong></span> <span class='ocrx_word' id='word_1_73' title='bbox 2022 1278 2356 1327; x_wconf 87' lang='lat' dir='ltr'><strong>censuram</strong></span> <span class='ocrx_word' id='word_1_74' title='bbox 2419 1262 2944 1345; x_wconf 86' lang='lat' dir='ltr'><strong>ecclesiasticam,</strong></span> 
     </span>
     <span class='ocr_line' id='line_1_11' title="bbox 545 1364 2951 1457; baseline -0.002 -17"><span class='ocrx_word' id='word_1_75' title='bbox 545 1371 975 1457; x_wconf 84' lang='lat' dir='ltr'><strong>appellatione</strong></span> <span class='ocrx_word' id='word_1_76' title='bbox 1033 1372 1294 1448; x_wconf 86' lang='lat' dir='ltr'><strong>remota,</strong></span> <span class='ocrx_word' id='word_1_77' title='bbox 1356 1364 1623 1432; x_wconf 88' lang='lat' dir='ltr'><strong>firmiter</strong></span> <span class='ocrx_word' id='word_1_78' title='bbox 1674 1365 2001 1431; x_wconf 86' lang='lat' dir='ltr'><strong>observari</strong></span> <span class='ocrx_word' id='word_1_79' title='bbox 2044 1364 2358 1447; x_wconf 81' lang='lat' dir='ltr'><strong>faciendi3</strong></span> <span class='ocrx_word' id='word_1_80' title='bbox 2405 1372 2472 1433; x_wconf 86' lang='lat' dir='ltr'><strong>et</strong></span> <span class='ocrx_word' id='word_1_81' title='bbox 2515 1384 2951 1453; x_wconf 88' lang='lat' dir='ltr'><strong>quoscumque</strong></span> 
     </span>
     <span class='ocr_line' id='line_1_12' title="bbox 548 1464 2949 1558; baseline -0.002 -14"><span class='ocrx_word' id='word_1_82' title='bbox 548 1464 738 1558; x_wconf 87' lang='lat' dir='ltr'><strong>cives,</strong></span> <span class='ocrx_word' id='word_1_83' title='bbox 782 1474 1042 1555; x_wconf 82' lang='lat' dir='ltr'><strong>incolas,</strong></span> <span class='ocrx_word' id='word_1_84' title='bbox 1088 1472 1479 1539; x_wconf 86' lang='lat' dir='ltr'><strong>habitatores</strong></span> <span class='ocrx_word' id='word_1_85' title='bbox 1525 1475 1592 1536; x_wconf 87' lang='lat' dir='ltr'><strong>et</strong></span> <span class='ocrx_word' id='word_1_86' title='bbox 1635 1470 1795 1536; x_wconf 89' lang='lat' dir='ltr'><strong>alias</strong></span> <span class='ocrx_word' id='word_1_87' title='bbox 1839 1487 2145 1553; x_wconf 88' lang='lat' dir='ltr'><strong>personas</strong></span> <span class='ocrx_word' id='word_1_88' title='bbox 2191 1468 2403 1535; x_wconf 85' lang='lat' dir='ltr'><strong>dictae</strong></span> <span class='ocrx_word' id='word_1_89' title='bbox 2442 1471 2721 1539; x_wconf 86' lang='lat' dir='ltr'><strong>civitatis</strong></span> <span class='ocrx_word' id='word_1_90' title='bbox 2752 1473 2949 1539; x_wconf 88' lang='lat' dir='ltr'><strong>alicui</strong></span> 
     </span>
     <span class='ocr_line' id='line_1_13' title="bbox 550 1574 2947 1663; baseline -0.002 -15"><span class='ocrx_word' id='word_1_91' title='bbox 550 1601 666 1649; x_wconf 88' lang='lat' dir='ltr'><strong>seu</strong></span> <span class='ocrx_word' id='word_1_92' title='bbox 726 1578 1045 1663; x_wconf 89' lang='lat' dir='ltr'><strong>aliquibus</strong></span> <span class='ocrx_word' id='word_1_93' title='bbox 1103 1578 1186 1644; x_wconf 92' lang='lat' dir='ltr'><strong>de</strong></span> <span class='ocrx_word' id='word_1_94' title='bbox 1245 1576 1435 1643; x_wconf 89' lang='lat' dir='ltr'><strong>dictis</strong></span> <span class='ocrx_word' id='word_1_95' title='bbox 1494 1574 1950 1655; x_wconf 87' lang='lat' dir='ltr'><strong>Universitate,</strong></span> <span class='ocrx_word' id='word_1_96' title='bbox 2018 1574 2433 1640; x_wconf 88' lang='lat' dir='ltr'><strong>communiter</strong></span> <span class='ocrx_word' id='word_1_97' title='bbox 2499 1576 2600 1643; x_wconf 90' lang='lat' dir='ltr'><strong>vel</strong></span> <span class='ocrx_word' id='word_1_98' title='bbox 2670 1575 2947 1659; x_wconf 82' lang='lat' dir='ltr'><strong>divisim,</strong></span> 
     </span>
     <span class='ocr_line' id='line_1_14' title="bbox 550 1678 2955 1765; baseline -0.002 -12"><span class='ocrx_word' id='word_1_99' title='bbox 550 1687 797 1765; x_wconf 90' lang='lat' dir='ltr'><strong>damna,</strong></span> <span class='ocrx_word' id='word_1_100' title='bbox 843 1682 1168 1749; x_wconf 85' lang='lat' dir='ltr'><strong>molestias</strong></span> <span class='ocrx_word' id='word_1_101' title='bbox 1213 1685 1326 1747; x_wconf 86' lang='lat' dir='ltr'><strong>aut</strong></span> <span class='ocrx_word' id='word_1_102' title='bbox 1368 1679 1636 1763; x_wconf 86' lang='lat' dir='ltr'><strong>injurias</strong></span> <span class='ocrx_word' id='word_1_103' title='bbox 1693 1679 1761 1743; x_wconf 92' lang='lat' dir='ltr'><strong>in</strong></span> <span class='ocrx_word' id='word_1_104' title='bbox 1827 1678 2117 1761; x_wconf 88' lang='lat' dir='ltr'><strong>personis</strong></span> <span class='ocrx_word' id='word_1_105' title='bbox 2180 1695 2295 1743; x_wconf 90' lang='lat' dir='ltr'><strong>seu</strong></span> <span class='ocrx_word' id='word_1_106' title='bbox 2338 1678 2531 1761; x_wconf 79' lang='lat' dir='ltr'><strong>rebus</strong></span> <span class='ocrx_word' id='word_1_107' title='bbox 2589 1698 2808 1746; x_wconf 91' lang='lat' dir='ltr'><strong>eorum</strong></span> <span class='ocrx_word' id='word_1_108' title='bbox 2851 1682 2955 1747; x_wconf 89' lang='lat' dir='ltr'><strong>in-</strong></span> 
     </span>
     <span class='ocr_line' id='line_1_15' title="bbox 548 1783 2944 1870; baseline -0.002 -12"><span class='ocrx_word' id='word_1_109' title='bbox 548 1791 715 1858; x_wconf 89' lang='lat' dir='ltr'><strong>ferre</strong></span> <span class='ocrx_word' id='word_1_110' title='bbox 759 1808 872 1855; x_wconf 88' lang='lat' dir='ltr'><strong>seu</strong></span> <span class='ocrx_word' id='word_1_111' title='bbox 914 1786 1200 1869; x_wconf 86' lang='lat' dir='ltr'><strong>irrogare</strong></span> <span class='ocrx_word' id='word_1_112' title='bbox 1240 1788 1739 1870; x_wconf 76' lang='lat' dir='ltr'><strong>praesumenteS,</strong></span> <span class='ocrx_word' id='word_1_113' title='bbox 1789 1783 1981 1849; x_wconf 88' lang='lat' dir='ltr'><strong>simili</strong></span> <span class='ocrx_word' id='word_1_114' title='bbox 2028 1800 2295 1850; x_wconf 87' lang='lat' dir='ltr'><strong>censura</strong></span> <span class='ocrx_word' id='word_1_115' title='bbox 2324 1783 2407 1849; x_wconf 89' lang='lat' dir='ltr'><strong>ad</strong></span> <span class='ocrx_word' id='word_1_116' title='bbox 2437 1784 2944 1853; x_wconf 87' lang='lat' dir='ltr'><strong>satisfactionem</strong></span> 
     </span>
     <span class='ocr_line' id='line_1_16' title="bbox 552 1887 2947 1973; baseline -0.003 -10"><span class='ocrx_word' id='word_1_117' title='bbox 552 1902 618 1963; x_wconf 87' lang='lat' dir='ltr'><strong>et</strong></span> <span class='ocrx_word' id='word_1_118' title='bbox 683 1892 1010 1961; x_wconf 84' lang='lat' dir='ltr'><strong>emendam</strong></span> <span class='ocrx_word' id='word_1_119' title='bbox 1076 1890 1471 1973; x_wconf 85' lang='lat' dir='ltr'><strong>condignam,</strong></span> <span class='ocrx_word' id='word_1_120' title='bbox 1539 1888 1705 1970; x_wconf 90' lang='lat' dir='ltr'><strong>juris</strong></span> <span class='ocrx_word' id='word_1_121' title='bbox 1774 1887 1997 1953; x_wconf 89' lang='lat' dir='ltr'><strong>ordine</strong></span> <span class='ocrx_word' id='word_1_122' title='bbox 2059 1887 2414 1968; x_wconf 89' lang='lat' dir='ltr'><strong>observato,</strong></span> <span class='ocrx_word' id='word_1_123' title='bbox 2493 1890 2947 1973; x_wconf 80' lang='lat' dir='ltr'><strong>compellendi3</strong></span> 
     </span>
     <span class='ocr_line' id='line_1_17' title="bbox 549 1991 2939 2085; baseline -0.003 -17"><span class='ocrx_word' id='word_1_124' title='bbox 549 2016 960 2085; x_wconf 87' lang='lat' dir='ltr'><strong>quoscunque</strong></span> <span class='ocrx_word' id='word_1_125' title='bbox 1001 1996 1195 2062; x_wconf 87' lang='lat' dir='ltr'><strong>etiam</strong></span> <span class='ocrx_word' id='word_1_126' title='bbox 1237 2011 1600 2077; x_wconf 88' lang='lat' dir='ltr'><strong>processus,</strong></span> <span class='ocrx_word' id='word_1_127' title='bbox 1648 1993 2146 2074; x_wconf 87' lang='lat' dir='ltr'><strong>praemissorum</strong></span> <span class='ocrx_word' id='word_1_128' title='bbox 2199 1991 2533 2058; x_wconf 88' lang='lat' dir='ltr'><strong>occasione</strong></span> <span class='ocrx_word' id='word_1_129' title='bbox 2583 1993 2939 2076; x_wconf 86' lang='lat' dir='ltr'><strong>habendos,</strong></span> 
     </span>
     <span class='ocr_line' id='line_1_18' title="bbox 555 2098 2957 2189; baseline -0.001 -19"><span class='ocrx_word' id='word_1_130' title='bbox 555 2106 846 2189; x_wconf 84' lang='lat' dir='ltr'><strong>quotiens</strong></span> <span class='ocrx_word' id='word_1_131' title='bbox 905 2102 1277 2185; x_wconf 88' lang='lat' dir='ltr'><strong>expedierit,</strong></span> <span class='ocrx_word' id='word_1_132' title='bbox 1337 2098 1729 2182; x_wconf 86' lang='lat' dir='ltr'><strong>aggravandi</strong></span> <span class='ocrx_word' id='word_1_133' title='bbox 1796 2102 1864 2163; x_wconf 88' lang='lat' dir='ltr'><strong>et</strong></span> <span class='ocrx_word' id='word_1_134' title='bbox 1925 2098 2425 2164; x_wconf 87' lang='lat' dir='ltr'><strong>contradictores</strong></span> <span class='ocrx_word' id='word_1_135' title='bbox 2490 2100 2808 2182; x_wconf 87' lang='lat' dir='ltr'><strong>quoslibet</strong></span> <span class='ocrx_word' id='word_1_136' title='bbox 2871 2120 2957 2167; x_wconf 87' lang='lat' dir='ltr'><strong>ac</strong></span> 
     </span>
     <span class='ocr_line' id='line_1_19' title="bbox 551 2203 2954 2288; baseline -0.002 -12"><span class='ocrx_word' id='word_1_137' title='bbox 551 2208 822 2276; x_wconf 88' lang='lat' dir='ltr'><strong>rebelles</strong></span> <span class='ocrx_word' id='word_1_138' title='bbox 867 2223 1134 2273; x_wconf 86' lang='lat' dir='ltr'><strong>censura</strong></span> <span class='ocrx_word' id='word_1_139' title='bbox 1175 2204 1389 2286; x_wconf 89' lang='lat' dir='ltr'><strong>simili,</strong></span> <span class='ocrx_word' id='word_1_140' title='bbox 1436 2203 1867 2286; x_wconf 87' lang='lat' dir='ltr'><strong>appellatione</strong></span> <span class='ocrx_word' id='word_1_141' title='bbox 1913 2208 2226 2286; x_wconf 86' lang='lat' dir='ltr'><strong>cessante,</strong></span> <span class='ocrx_word' id='word_1_142' title='bbox 2275 2204 2717 2288; x_wconf 85' lang='lat' dir='ltr'><strong>compellendi,</strong></span> <span class='ocrx_word' id='word_1_143' title='bbox 2769 2207 2954 2272; x_wconf 91' lang='lat' dir='ltr'><strong>invo-</strong></span> 
     </span>
     <span class='ocr_line' id='line_1_20' title="bbox 557 2306 2958 2395; baseline -0.002 -15"><span class='ocrx_word' id='word_1_144' title='bbox 557 2319 698 2381; x_wconf 86' lang='lat' dir='ltr'><strong>cato</strong></span> <span class='ocrx_word' id='word_1_145' title='bbox 742 2313 825 2379; x_wconf 92' lang='lat' dir='ltr'><strong>ad</strong></span> <span class='ocrx_word' id='word_1_146' title='bbox 869 2312 1008 2394; x_wconf 90' lang='lat' dir='ltr'><strong>hoc,</strong></span> <span class='ocrx_word' id='word_1_147' title='bbox 1071 2312 1128 2379; x_wconf 90' lang='lat' dir='ltr'><strong>si</strong></span> <span class='ocrx_word' id='word_1_148' title='bbox 1174 2329 1334 2395; x_wconf 92' lang='lat' dir='ltr'><strong>opus</strong></span> <span class='ocrx_word' id='word_1_149' title='bbox 1379 2306 1594 2389; x_wconf 84' lang='lat' dir='ltr'><strong>fuerit,</strong></span> <span class='ocrx_word' id='word_1_150' title='bbox 1658 2308 1897 2374; x_wconf 90' lang='lat' dir='ltr'><strong>auxilio</strong></span> <span class='ocrx_word' id='word_1_151' title='bbox 1957 2308 2206 2375; x_wconf 90' lang='lat' dir='ltr'><strong>brachii</strong></span> <span class='ocrx_word' id='word_1_152' title='bbox 2265 2309 2647 2391; x_wconf 83' lang='lat' dir='ltr'><strong>saecularis3</strong></span> <span class='ocrx_word' id='word_1_153' title='bbox 2708 2329 2958 2377; x_wconf 90' lang='lat' dir='ltr'><strong>necnon</strong></span> 
     </span>
     <span class='ocr_line' id='line_1_21' title="bbox 557 2412 2958 2502; baseline -0.002 -19"><span class='ocrx_word' id='word_1_154' title='bbox 557 2436 964 2502; x_wconf 88' lang='lat' dir='ltr'><strong>quascunque</strong></span> <span class='ocrx_word' id='word_1_155' title='bbox 1009 2412 1700 2494; x_wconf 89' lang='lat' dir='ltr'><strong>excommunicationis,</strong></span> <span class='ocrx_word' id='word_1_156' title='bbox 1754 2413 2194 2495; x_wconf 89' lang='lat' dir='ltr'><strong>suspensionis</strong></span> <span class='ocrx_word' id='word_1_157' title='bbox 2258 2431 2375 2478; x_wconf 90' lang='lat' dir='ltr'><strong>seu</strong></span> <span class='ocrx_word' id='word_1_158' title='bbox 2434 2414 2775 2497; x_wconf 88' lang='lat' dir='ltr'><strong>interdicti,</strong></span> <span class='ocrx_word' id='word_1_159' title='bbox 2838 2421 2958 2481; x_wconf 85' lang='lat' dir='ltr'><strong>aut</strong></span> 
     </span>
     <span class='ocr_line' id='line_1_22' title="bbox 557 2519 2958 2601; baseline -0.001 -13"><span class='ocrx_word' id='word_1_160' title='bbox 557 2522 718 2589; x_wconf 88' lang='lat' dir='ltr'><strong>alias</strong></span> <span class='ocrx_word' id='word_1_161' title='bbox 781 2522 1128 2588; x_wconf 87' lang='lat' dir='ltr'><strong>sententias</strong></span> <span class='ocrx_word' id='word_1_162' title='bbox 1196 2538 1309 2587; x_wconf 86' lang='lat' dir='ltr'><strong>seu</strong></span> <span class='ocrx_word' id='word_1_163' title='bbox 1373 2537 1676 2586; x_wconf 88' lang='lat' dir='ltr'><strong>censuras</strong></span> <span class='ocrx_word' id='word_1_164' title='bbox 1744 2522 2082 2601; x_wconf 86' lang='lat' dir='ltr'><strong>propterea</strong></span> <span class='ocrx_word' id='word_1_165' title='bbox 2142 2536 2259 2601; x_wconf 89' lang='lat' dir='ltr'><strong>per</strong></span> <span class='ocrx_word' id='word_1_166' title='bbox 2320 2538 2466 2587; x_wconf 91' lang='lat' dir='ltr'><strong>eum</strong></span> <span class='ocrx_word' id='word_1_167' title='bbox 2522 2519 2816 2585; x_wconf 81' lang='lat' dir='ltr'><strong>ferendas</strong></span> <span class='ocrx_word' id='word_1_168' title='bbox 2882 2522 2958 2585; x_wconf 89' lang='lat' dir='ltr'><strong>in</strong></span> 
     </span>
     <span class='ocr_line' id='line_1_23' title="bbox 557 2622 2955 2708; baseline -0.001 -16"><span class='ocrx_word' id='word_1_169' title='bbox 557 2626 760 2693; x_wconf 87' lang='lat' dir='ltr'><strong>forma</strong></span> <span class='ocrx_word' id='word_1_170' title='bbox 803 2625 1111 2691; x_wconf 89' lang='lat' dir='ltr'><strong>ecclesiae</strong></span> <span class='ocrx_word' id='word_1_171' title='bbox 1155 2628 1460 2691; x_wconf 89' lang='lat' dir='ltr'><strong>consueta</strong></span> <span class='ocrx_word' id='word_1_172' title='bbox 1502 2622 1851 2703; x_wconf 84' lang='lat' dir='ltr'><strong>relaxandi,</strong></span> <span class='ocrx_word' id='word_1_173' title='bbox 1899 2640 1975 2686; x_wconf 87' lang='lat' dir='ltr'><strong>ac</strong></span> <span class='ocrx_word' id='word_1_174' title='bbox 2037 2641 2155 2704; x_wconf 88' lang='lat' dir='ltr'><strong>pro</strong></span> <span class='ocrx_word' id='word_1_175' title='bbox 2199 2624 2387 2688; x_wconf 91' lang='lat' dir='ltr'><strong>modo</strong></span> <span class='ocrx_word' id='word_1_176' title='bbox 2450 2623 2674 2706; x_wconf 84' lang='lat' dir='ltr'><strong>culpae</strong></span> <span class='ocrx_word' id='word_1_177' title='bbox 2732 2624 2955 2708; x_wconf 85' lang='lat' dir='ltr'><strong>poeni-</strong></span> 
     </span>
     <span class='ocr_line' id='line_1_24' title="bbox 558 2727 2954 2814; baseline -0.001 -16"><span class='ocrx_word' id='word_1_178' title='bbox 558 2732 825 2799; x_wconf 89' lang='lat' dir='ltr'><strong>tentiam</strong></span> <span class='ocrx_word' id='word_1_179' title='bbox 907 2731 1248 2796; x_wconf 86' lang='lat' dir='ltr'><strong>salutarem</strong></span> <span class='ocrx_word' id='word_1_180' title='bbox 1328 2728 1702 2814; x_wconf 85' lang='lat' dir='ltr'><strong>injungendi</strong></span> <span class='ocrx_word' id='word_1_181' title='bbox 1788 2732 1855 2793; x_wconf 90' lang='lat' dir='ltr'><strong>et</strong></span> <span class='ocrx_word' id='word_1_182' title='bbox 1936 2727 2362 2793; x_wconf 89' lang='lat' dir='ltr'><strong>omnimodam</strong></span> <span class='ocrx_word' id='word_1_183' title='bbox 2443 2727 2954 2811; x_wconf 84' lang='lat' dir='ltr'><strong>jurisdictionem</strong></span> 
     </span>
     <span class='ocr_line' id='line_1_25' title="bbox 561 2831 2957 2918; baseline -0.001 -16"><span class='ocrx_word' id='word_1_184' title='bbox 561 2834 944 2903; x_wconf 87' lang='lat' dir='ltr'><strong>ordinariam</strong></span> <span class='ocrx_word' id='word_1_185' title='bbox 987 2836 1054 2899; x_wconf 90' lang='lat' dir='ltr'><strong>in</strong></span> <span class='ocrx_word' id='word_1_186' title='bbox 1098 2836 1274 2918; x_wconf 90' lang='lat' dir='ltr'><strong>ipsos</strong></span> <span class='ocrx_word' id='word_1_187' title='bbox 1320 2832 1836 2913; x_wconf 83' lang='lat' dir='ltr'><strong>Universitatem,</strong></span> <span class='ocrx_word' id='word_1_188' title='bbox 1888 2831 2273 2915; x_wconf 89' lang='lat' dir='ltr'><strong>conjunctim</strong></span> <span class='ocrx_word' id='word_1_189' title='bbox 2317 2832 2421 2897; x_wconf 89' lang='lat' dir='ltr'><strong>vel</strong></span> <span class='ocrx_word' id='word_1_190' title='bbox 2452 2833 2727 2914; x_wconf 88' lang='lat' dir='ltr'><strong>divisim,</strong></span> <span class='ocrx_word' id='word_1_191' title='bbox 2773 2851 2957 2900; x_wconf 87' lang='lat' dir='ltr'><strong>exer-</strong></span> 
     </span>
     <span class='ocr_line' id='line_1_26' title="bbox 565 2935 2958 3021; baseline -0 -17"><span class='ocrx_word' id='word_1_192' title='bbox 565 2937 767 3019; x_wconf 91' lang='lat' dir='ltr'><strong>cendi,</strong></span> <span class='ocrx_word' id='word_1_193' title='bbox 813 2956 891 3004; x_wconf 88' lang='lat' dir='ltr'><strong>ac</strong></span> <span class='ocrx_word' id='word_1_194' title='bbox 933 2938 1145 3003; x_wconf 91' lang='lat' dir='ltr'><strong>omnia</strong></span> <span class='ocrx_word' id='word_1_195' title='bbox 1191 2943 1256 3003; x_wconf 91' lang='lat' dir='ltr'><strong>et</strong></span> <span class='ocrx_word' id='word_1_196' title='bbox 1300 2938 1571 3019; x_wconf 89' lang='lat' dir='ltr'><strong>singula,</strong></span> <span class='ocrx_word' id='word_1_197' title='bbox 1637 2954 1802 3019; x_wconf 88' lang='lat' dir='ltr'><strong>quae</strong></span> <span class='ocrx_word' id='word_1_198' title='bbox 1862 2937 2031 3003; x_wconf 89' lang='lat' dir='ltr'><strong>circa</strong></span> <span class='ocrx_word' id='word_1_199' title='bbox 2092 2935 2446 3019; x_wconf 88' lang='lat' dir='ltr'><strong>praemissa</strong></span> <span class='ocrx_word' id='word_1_200' title='bbox 2502 2936 2741 3004; x_wconf 88' lang='lat' dir='ltr'><strong>fuerint</strong></span> <span class='ocrx_word' id='word_1_201' title='bbox 2798 2957 2958 3021; x_wconf 90' lang='lat' dir='ltr'><strong>quo-</strong></span> 
     </span>
     <span class='ocr_line' id='line_1_27' title="bbox 562 3041 2961 3126; baseline -0.001 -17"><span class='ocrx_word' id='word_1_202' title='bbox 562 3042 912 3109; x_wconf 89' lang='lat' dir='ltr'><strong>modolibet</strong></span> <span class='ocrx_word' id='word_1_203' title='bbox 989 3046 1365 3126; x_wconf 86' lang='lat' dir='ltr'><strong>opportuna,</strong></span> <span class='ocrx_word' id='word_1_204' title='bbox 1453 3041 1705 3123; x_wconf 89' lang='lat' dir='ltr'><strong>agendi,</strong></span> <span class='ocrx_word' id='word_1_205' title='bbox 1779 3042 2033 3125; x_wconf 87' lang='lat' dir='ltr'><strong>plenam</strong></span> <span class='ocrx_word' id='word_1_206' title='bbox 2107 3047 2172 3108; x_wconf 85' lang='lat' dir='ltr'><strong>et</strong></span> <span class='ocrx_word' id='word_1_207' title='bbox 2237 3042 2502 3108; x_wconf 82' lang='lat' dir='ltr'><strong>liberam</strong></span> <span class='ocrx_word' id='word_1_208' title='bbox 2574 3043 2961 3108; x_wconf 85' lang='lat' dir='ltr'><strong>auctoritate</strong></span> 
     </span>
     <span class='ocr_line' id='line_1_28' title="bbox 563 3145 2961 3232; baseline -0 -19"><span class='ocrx_word' id='word_1_209' title='bbox 563 3146 891 3232; x_wconf 84' lang='lat' dir='ltr'><strong>praedicta</strong></span> <span class='ocrx_word' id='word_1_210' title='bbox 932 3166 1049 3229; x_wconf 92' lang='lat' dir='ltr'><strong>per</strong></span> <span class='ocrx_word' id='word_1_211' title='bbox 1089 3151 1458 3230; x_wconf 90' lang='lat' dir='ltr'><strong>praesentes</strong></span> <span class='ocrx_word' id='word_1_212' title='bbox 1506 3146 1911 3212; x_wconf 84' lang='lat' dir='ltr'><strong>concedimus</strong></span> <span class='ocrx_word' id='word_1_213' title='bbox 1944 3150 2347 3229; x_wconf 86' lang='lat' dir='ltr'><strong>potestatem,</strong></span> <span class='ocrx_word' id='word_1_214' title='bbox 2394 3145 2961 3214; x_wconf 87' lang='lat' dir='ltr'><strong>constitutionibus</strong></span> 
     </span>
     <span class='ocr_line' id='line_1_29' title="bbox 565 3250 2960 3336; baseline 0 -19"><span class='ocrx_word' id='word_1_215' title='bbox 565 3250 933 3336; x_wconf 88' lang='lat' dir='ltr'><strong>apostolicis</strong></span> <span class='ocrx_word' id='word_1_216' title='bbox 976 3255 1044 3316; x_wconf 89' lang='lat' dir='ltr'><strong>et</strong></span> <span class='ocrx_word' id='word_1_217' title='bbox 1085 3252 1229 3317; x_wconf 89' lang='lat' dir='ltr'><strong>aliis</strong></span> <span class='ocrx_word' id='word_1_218' title='bbox 1273 3253 1340 3317; x_wconf 92' lang='lat' dir='ltr'><strong>in</strong></span> <span class='ocrx_word' id='word_1_219' title='bbox 1385 3252 1770 3316; x_wconf 88' lang='lat' dir='ltr'><strong>contrarium</strong></span> <span class='ocrx_word' id='word_1_220' title='bbox 1814 3250 2007 3317; x_wconf 90' lang='lat' dir='ltr'><strong>editis</strong></span> <span class='ocrx_word' id='word_1_221' title='bbox 2052 3268 2177 3316; x_wconf 88' lang='lat' dir='ltr'><strong>non</strong></span> <span class='ocrx_word' id='word_1_222' title='bbox 2223 3250 2634 3317; x_wconf 89' lang='lat' dir='ltr'><strong>obstantibus</strong></span> <span class='ocrx_word' id='word_1_223' title='bbox 2693 3250 2960 3333; x_wconf 90' lang='lat' dir='ltr'><strong>quibus-</strong></span> 
     </span>
     <span class='ocr_line' id='line_1_30' title="bbox 569 3354 2962 3439; baseline -0 -17"><span class='ocrx_word' id='word_1_224' title='bbox 569 3373 836 3439; x_wconf 86' lang='lat' dir='ltr'><strong>cunque,</strong></span> <span class='ocrx_word' id='word_1_225' title='bbox 868 3372 983 3421; x_wconf 87' lang='lat' dir='ltr'><strong>seu</strong></span> <span class='ocrx_word' id='word_1_226' title='bbox 1013 3355 1071 3421; x_wconf 89' lang='lat' dir='ltr'><strong>si</strong></span> <span class='ocrx_word' id='word_1_227' title='bbox 1099 3354 1438 3438; x_wconf 78' lang='lat' dir='ltr'><strong>aliquibUS,</strong></span> <span class='ocrx_word' id='word_1_228' title='bbox 1488 3356 1906 3421; x_wconf 90' lang='lat' dir='ltr'><strong>communiter</strong></span> <span class='ocrx_word' id='word_1_229' title='bbox 1935 3355 2039 3421; x_wconf 90' lang='lat' dir='ltr'><strong>vel</strong></span> <span class='ocrx_word' id='word_1_230' title='bbox 2068 3356 2345 3436; x_wconf 88' lang='lat' dir='ltr'><strong>divisim,</strong></span> <span class='ocrx_word' id='word_1_231' title='bbox 2391 3374 2432 3419; x_wconf 85' lang='lat' dir='ltr'><strong>a</strong></span> <span class='ocrx_word' id='word_1_232' title='bbox 2462 3354 2757 3438; x_wconf 88' lang='lat' dir='ltr'><strong>praefata</strong></span> <span class='ocrx_word' id='word_1_233' title='bbox 2803 3356 2962 3421; x_wconf 90' lang='lat' dir='ltr'><strong>sede</strong></span> 
     </span>
     <span class='ocr_line' id='line_1_31' title="bbox 569 3458 2960 3542; baseline -0.001 -15"><span class='ocrx_word' id='word_1_234' title='bbox 569 3462 655 3528; x_wconf 90' lang='lat' dir='ltr'><strong>sit</strong></span> <span class='ocrx_word' id='word_1_235' title='bbox 710 3460 1047 3541; x_wconf 89' lang='lat' dir='ltr'><strong>indultum,</strong></span> <span class='ocrx_word' id='word_1_236' title='bbox 1109 3458 1276 3541; x_wconf 89' lang='lat' dir='ltr'><strong>quod</strong></span> <span class='ocrx_word' id='word_1_237' title='bbox 1335 3458 1648 3538; x_wconf 88' lang='lat' dir='ltr'><strong>interdici,</strong></span> <span class='ocrx_word' id='word_1_238' title='bbox 1712 3459 2017 3542; x_wconf 88' lang='lat' dir='ltr'><strong>suspendi</strong></span> <span class='ocrx_word' id='word_1_239' title='bbox 2080 3459 2181 3525; x_wconf 89' lang='lat' dir='ltr'><strong>vel</strong></span> <span class='ocrx_word' id='word_1_240' title='bbox 2241 3460 2772 3526; x_wconf 89' lang='lat' dir='ltr'><strong>excommunicari</strong></span> <span class='ocrx_word' id='word_1_241' title='bbox 2837 3478 2960 3525; x_wconf 90' lang='lat' dir='ltr'><strong>seu</strong></span> 
     </span>
     <span class='ocr_line' id='line_1_32' title="bbox 571 3562 2963 3649; baseline 0 -20"><span class='ocrx_word' id='word_1_242' title='bbox 571 3568 750 3631; x_wconf 86' lang='lat' dir='ltr'><strong>extra</strong></span> <span class='ocrx_word' id='word_1_243' title='bbox 793 3565 894 3632; x_wconf 81' lang='lat' dir='ltr'><strong>vel</strong></span> <span class='ocrx_word' id='word_1_244' title='bbox 937 3564 1108 3630; x_wconf 90' lang='lat' dir='ltr'><strong>ultra</strong></span> <span class='ocrx_word' id='word_1_245' title='bbox 1153 3567 1324 3628; x_wconf 89' lang='lat' dir='ltr'><strong>certa</strong></span> <span class='ocrx_word' id='word_1_246' title='bbox 1367 3562 1510 3627; x_wconf 90' lang='lat' dir='ltr'><strong>loca</strong></span> <span class='ocrx_word' id='word_1_247' title='bbox 1554 3563 1638 3628; x_wconf 90' lang='lat' dir='ltr'><strong>ad</strong></span> <span class='ocrx_word' id='word_1_248' title='bbox 1678 3563 1991 3649; x_wconf 88' lang='lat' dir='ltr'><strong>judicium</strong></span> <span class='ocrx_word' id='word_1_249' title='bbox 2034 3562 2286 3629; x_wconf 88' lang='lat' dir='ltr'><strong>evocari</strong></span> <span class='ocrx_word' id='word_1_250' title='bbox 2346 3582 2471 3628; x_wconf 90' lang='lat' dir='ltr'><strong>non</strong></span> <span class='ocrx_word' id='word_1_251' title='bbox 2506 3566 2780 3647; x_wconf 80' lang='lat' dir='ltr'><strong>possint,</strong></span> <span class='ocrx_word' id='word_1_252' title='bbox 2840 3584 2963 3647; x_wconf 90' lang='lat' dir='ltr'><strong>per</strong></span> 
     </span>
     <span class='ocr_line' id='line_1_33' title="bbox 569 3665 2962 3754; baseline -0 -18"><span class='ocrx_word' id='word_1_253' title='bbox 569 3671 825 3736; x_wconf 57' lang='lat' dir='ltr'><strong>litteras·</strong></span> <span class='ocrx_word' id='word_1_254' title='bbox 875 3667 1278 3754; x_wconf 87' lang='lat' dir='ltr'><strong>apostolicas,</strong></span> <span class='ocrx_word' id='word_1_255' title='bbox 1339 3685 1466 3732; x_wconf 92' lang='lat' dir='ltr'><strong>non</strong></span> <span class='ocrx_word' id='word_1_256' title='bbox 1525 3665 1835 3734; x_wconf 87' lang='lat' dir='ltr'><strong>facientes</strong></span> <span class='ocrx_word' id='word_1_257' title='bbox 1894 3669 2146 3751; x_wconf 91' lang='lat' dir='ltr'><strong>plenam</strong></span> <span class='ocrx_word' id='word_1_258' title='bbox 2206 3673 2273 3734; x_wconf 85' lang='lat' dir='ltr'><strong>et</strong></span> <span class='ocrx_word' id='word_1_259' title='bbox 2334 3686 2697 3751; x_wconf 85' lang='lat' dir='ltr'><strong>expressam</strong></span> <span class='ocrx_word' id='word_1_260' title='bbox 2754 3688 2830 3734; x_wconf 89' lang='lat' dir='ltr'><strong>ac</strong></span> <span class='ocrx_word' id='word_1_261' title='bbox 2874 3669 2962 3735; x_wconf 88' lang='lat' dir='ltr'><strong>de</strong></span> 
     </span>
     <span class='ocr_line' id='line_1_34' title="bbox 570 3769 2965 3855; baseline 0 -16"><span class='ocrx_word' id='word_1_262' title='bbox 570 3774 762 3840; x_wconf 91' lang='lat' dir='ltr'><strong>verbo</strong></span> <span class='ocrx_word' id='word_1_263' title='bbox 807 3774 890 3838; x_wconf 88' lang='lat' dir='ltr'><strong>ad</strong></span> <span class='ocrx_word' id='word_1_264' title='bbox 931 3772 1194 3839; x_wconf 87' lang='lat' dir='ltr'><strong>verbum</strong></span> <span class='ocrx_word' id='word_1_265' title='bbox 1239 3769 1321 3834; x_wconf 90' lang='lat' dir='ltr'><strong>de</strong></span> <span class='ocrx_word' id='word_1_266' title='bbox 1362 3771 1611 3836; x_wconf 88' lang='lat' dir='ltr'><strong>indulto</strong></span> <span class='ocrx_word' id='word_1_267' title='bbox 1656 3772 2021 3855; x_wconf 88' lang='lat' dir='ltr'><strong>hujusmodi</strong></span> <span class='ocrx_word' id='word_1_268' title='bbox 2066 3776 2143 3847; x_wconf 70' lang='lat' dir='ltr'><strong>et,</strong></span> <span class='ocrx_word' id='word_1_269' title='bbox 2176 3790 2394 3839; x_wconf 89' lang='lat' dir='ltr'><strong>eorum</strong></span> <span class='ocrx_word' id='word_1_270' title='bbox 2439 3773 2747 3855; x_wconf 90' lang='lat' dir='ltr'><strong>personis,</strong></span> <span class='ocrx_word' id='word_1_271' title='bbox 2786 3773 2965 3840; x_wconf 89' lang='lat' dir='ltr'><strong>ordi-</strong></span> 
     </span>
     <span class='ocr_line' id='line_1_35' title="bbox 572 3876 2965 3960; baseline 0.001 -16"><span class='ocrx_word' id='word_1_272' title='bbox 572 3877 758 3944; x_wconf 91' lang='lat' dir='ltr'><strong>nibus</strong></span> <span class='ocrx_word' id='word_1_273' title='bbox 804 3883 872 3943; x_wconf 91' lang='lat' dir='ltr'><strong>et</strong></span> <span class='ocrx_word' id='word_1_274' title='bbox 911 3876 1272 3944; x_wconf 88' lang='lat' dir='ltr'><strong>nominibus</strong></span> <span class='ocrx_word' id='word_1_275' title='bbox 1316 3876 1592 3957; x_wconf 90' lang='lat' dir='ltr'><strong>propriis</strong></span> <span class='ocrx_word' id='word_1_276' title='bbox 1646 3877 2048 3958; x_wconf 87' lang='lat' dir='ltr'><strong>mentionem,</strong></span> <span class='ocrx_word' id='word_1_277' title='bbox 2117 3882 2182 3942; x_wconf 86' lang='lat' dir='ltr'><strong>ct</strong></span> <span class='ocrx_word' id='word_1_278' title='bbox 2224 3877 2510 3960; x_wconf 89' lang='lat' dir='ltr'><strong>qualibet</strong></span> <span class='ocrx_word' id='word_1_279' title='bbox 2566 3878 2693 3944; x_wconf 86' lang='lat' dir='ltr'><strong>alia</strong></span> <span class='ocrx_word' id='word_1_280' title='bbox 2749 3878 2965 3946; x_wconf 83' lang='lat' dir='ltr'><strong>dictae</strong></span> 
     </span>
     <span class='ocr_line' id='line_1_36' title="bbox 575 3979 2962 4065; baseline 0.001 -17"><span class='ocrx_word' id='word_1_281' title='bbox 575 3981 757 4048; x_wconf 87' lang='lat' dir='ltr'><strong>Sedis</strong></span> <span class='ocrx_word' id='word_1_282' title='bbox 787 3981 1199 4063; x_wconf 84' lang='lat' dir='ltr'><strong>indulgentia,</strong></span> <span class='ocrx_word' id='word_1_283' title='bbox 1233 3979 1514 4059; x_wconf 88' lang='lat' dir='ltr'><strong>generali</strong></span> <span class='ocrx_word' id='word_1_284' title='bbox 1536 3980 1638 4045; x_wconf 91' lang='lat' dir='ltr'><strong>vel</strong></span> <span class='ocrx_word' id='word_1_285' title='bbox 1671 3980 1953 4063; x_wconf 87' lang='lat' dir='ltr'><strong>speciali,</strong></span> <span class='ocrx_word' id='word_1_286' title='bbox 1986 3980 2418 4064; x_wconf 89' lang='lat' dir='ltr'><strong>cujuscunque</strong></span> <span class='ocrx_word' id='word_1_287' title='bbox 2436 3983 2677 4050; x_wconf 88' lang='lat' dir='ltr'><strong>tenoris</strong></span> <span class='ocrx_word' id='word_1_288' title='bbox 2705 3985 2962 4065; x_wconf 86' lang='lat' dir='ltr'><strong>existat,</strong></span> 
     </span>
     <span class='ocr_line' id='line_1_37' title="bbox 576 4084 2963 4169; baseline 0.002 -18"><span class='ocrx_word' id='word_1_289' title='bbox 576 4105 692 4169; x_wconf 89' lang='lat' dir='ltr'><strong>per</strong></span> <span class='ocrx_word' id='word_1_290' title='bbox 734 4104 922 4169; x_wconf 90' lang='lat' dir='ltr'><strong>quam</strong></span> <span class='ocrx_word' id='word_1_291' title='bbox 966 4084 1405 4167; x_wconf 84' lang='lat' dir='ltr'><strong>praesentibus</strong></span> <span class='ocrx_word' id='word_1_292' title='bbox 1449 4103 1578 4149; x_wconf 91' lang='lat' dir='ltr'><strong>non</strong></span> <span class='ocrx_word' id='word_1_293' title='bbox 1622 4102 1988 4168; x_wconf 83' lang='lat' dir='ltr'><strong>expressam</strong></span> <span class='ocrx_word' id='word_1_294' title='bbox 2020 4086 2124 4151; x_wconf 89' lang='lat' dir='ltr'><strong>vel</strong></span> <span class='ocrx_word' id='word_1_295' title='bbox 2152 4086 2439 4152; x_wconf 87' lang='lat' dir='ltr'><strong>totaliter</strong></span> <span class='ocrx_word' id='word_1_296' title='bbox 2481 4106 2609 4153; x_wconf 94' lang='lat' dir='ltr'><strong>non</strong></span> <span class='ocrx_word' id='word_1_297' title='bbox 2636 4090 2963 4169; x_wconf 86' lang='lat' dir='ltr'><strong>insertam,</strong></span> 
     </span>
     <span class='ocr_line' id='line_1_38' title="bbox 574 4187 2966 4276; baseline 0.001 -19"><span class='ocrx_word' id='word_1_298' title='bbox 574 4190 777 4275; x_wconf 89' lang='lat' dir='ltr'><strong>ipsius</strong></span> <span class='ocrx_word' id='word_1_299' title='bbox 823 4188 1087 4254; x_wconf 88' lang='lat' dir='ltr'><strong>rectoris</strong></span> <span class='ocrx_word' id='word_1_300' title='bbox 1124 4187 1589 4271; x_wconf 85' lang='lat' dir='ltr'><strong>jurisdictionis</strong></span> <span class='ocrx_word' id='word_1_301' title='bbox 1637 4189 1975 4271; x_wconf 87' lang='lat' dir='ltr'><strong>explicatio</strong></span> <span class='ocrx_word' id='word_1_302' title='bbox 2044 4190 2111 4255; x_wconf 93' lang='lat' dir='ltr'><strong>in</strong></span> <span class='ocrx_word' id='word_1_303' title='bbox 2153 4190 2275 4255; x_wconf 85' lang='lat' dir='ltr'><strong>hac</strong></span> <span class='ocrx_word' id='word_1_304' title='bbox 2318 4196 2502 4274; x_wconf 86' lang='lat' dir='ltr'><strong>parte</strong></span> <span class='ocrx_word' id='word_1_305' title='bbox 2554 4193 2763 4258; x_wconf 86' lang='lat' dir='ltr'><strong>valeat</strong></span> <span class='ocrx_word' id='word_1_306' title='bbox 2807 4212 2966 4276; x_wconf 92' lang='lat' dir='ltr'><strong>quo-</strong></span> 
     </span>
     <span class='ocr_line' id='line_1_39' title="bbox 577 4292 2966 4375; baseline 0.002 -16"><span class='ocrx_word' id='word_1_307' title='bbox 577 4293 925 4361; x_wconf 90' lang='lat' dir='ltr'><strong>modolibet</strong></span> <span class='ocrx_word' id='word_1_308' title='bbox 965 4292 1262 4375; x_wconf 87' lang='lat' dir='ltr'><strong>impediri</strong></span> <span class='ocrx_word' id='word_1_309' title='bbox 1305 4296 1374 4359; x_wconf 89' lang='lat' dir='ltr'><strong>et</strong></span> <span class='ocrx_word' id='word_1_310' title='bbox 1417 4292 1496 4357; x_wconf 90' lang='lat' dir='ltr'><strong>de</strong></span> <span class='ocrx_word' id='word_1_311' title='bbox 1543 4312 1669 4375; x_wconf 91' lang='lat' dir='ltr'><strong>qua</strong></span> <span class='ocrx_word' id='word_1_312' title='bbox 1714 4292 2019 4375; x_wconf 89' lang='lat' dir='ltr'><strong>cujusque</strong></span> <span class='ocrx_word' id='word_1_313' title='bbox 2062 4297 2199 4358; x_wconf 92' lang='lat' dir='ltr'><strong>toto</strong></span> <span class='ocrx_word' id='word_1_314' title='bbox 2244 4296 2465 4359; x_wconf 83' lang='lat' dir='ltr'><strong>tenore</strong></span> <span class='ocrx_word' id='word_1_315' title='bbox 2523 4294 2817 4362; x_wconf 88' lang='lat' dir='ltr'><strong>habenda</strong></span> <span class='ocrx_word' id='word_1_316' title='bbox 2875 4298 2966 4362; x_wconf 87' lang='lat' dir='ltr'><strong>sit</strong></span> 
     </span>
     <span class='ocr_line' id='line_1_40' title="bbox 585 4396 2964 4481; baseline 0.001 -16"><span class='ocrx_word' id='word_1_317' title='bbox 585 4398 667 4465; x_wconf 88' lang='lat' dir='ltr'><strong>de</strong></span> <span class='ocrx_word' id='word_1_318' title='bbox 730 4398 923 4465; x_wconf 88' lang='lat' dir='ltr'><strong>verbo</strong></span> <span class='ocrx_word' id='word_1_319' title='bbox 991 4397 1073 4464; x_wconf 90' lang='lat' dir='ltr'><strong>ad</strong></span> <span class='ocrx_word' id='word_1_320' title='bbox 1137 4396 1399 4464; x_wconf 88' lang='lat' dir='ltr'><strong>verbum</strong></span> <span class='ocrx_word' id='word_1_321' title='bbox 1458 4399 1524 4465; x_wconf 90' lang='lat' dir='ltr'><strong>in</strong></span> <span class='ocrx_word' id='word_1_322' title='bbox 1580 4397 1819 4463; x_wconf 91' lang='lat' dir='ltr'><strong>nostris</strong></span> <span class='ocrx_word' id='word_1_323' title='bbox 1882 4397 2114 4464; x_wconf 88' lang='lat' dir='ltr'><strong>litteris</strong></span> <span class='ocrx_word' id='word_1_324' title='bbox 2159 4398 2398 4464; x_wconf 89' lang='lat' dir='ltr'><strong>mentio</strong></span> <span class='ocrx_word' id='word_1_325' title='bbox 2466 4400 2803 4481; x_wconf 79' lang='lat' dir='ltr'><strong>specialis3</strong></span> <span class='ocrx_word' id='word_1_326' title='bbox 2845 4421 2964 4469; x_wconf 91' lang='lat' dir='ltr'><strong>nos</strong></span> 
     </span>
    </p>
   </div>
  </div>
 </body>
</html>
