3225 5017
748 346 877 416 Cap.
914 346 955 400 I.
993 345 1104 401 Res
1142 346 1212 400 ad
1245 347 1400 415 regni
1436 346 1964 401 administrationem
2000 352 2327 415 spectantes,
2694 350 2726 398 5

340 537 563 617 verint,
627 538 955 602 intendere
1018 539 1194 603 velut
1250 538 1449 604 Nobis
1508 539 1667 621 ipsis
1728 539 2000 604 debeant
2057 539 2262 603 modis
2321 539 2610 604 omnibus
2674 542 2738 601 et

336 660 587 724 parere,
621 644 927 708 contenti
972 644 1164 708 etiam
1207 644 1488 726 plenarie
1534 644 1614 709 de
1659 644 1941 725 ipsorum
1986 643 2401 723 ordinatione,
2467 642 2739 725 disposi-

341 747 533 827 tione,
585 747 921 827 decisione,
970 748 1300 813 sententiis
1332 752 1396 812 et
1425 748 1765 813 dictamine
1810 748 1875 812 in
1921 751 1985 812 et
2020 766 2212 830 super
2239 748 2739 830 quibuscumque

341 852 573 931 causis,
638 852 855 916 litibus
918 870 1033 917 seu
1092 852 1537 917 controversiis
1596 870 1711 934 per
1755 852 2012 916 eosdem
2055 852 2193 917 vice
2253 857 2319 916 et
2362 854 2738 917 auctoritate

336 952 558 1019 Nostri
603 955 996 1037 disponendi,
1044 956 1394 1037 ordinandi,
1440 956 1733 1035 faciendi,
1780 955 2181 1038 proferendi,
2209 957 2629 1022 sententiandi
2675 960 2740 1021 et

336 1058 640 1138 dictandi,
688 1062 763 1123 ut
790 1059 1252 1141 praemittitur.
1282 1110 1295 1125 .
1326 1110 1339 1125 .
1374 1059 1789 1139 decernimUS,
1837 1063 1910 1123 ut
1952 1059 2108 1123 nulli
2154 1060 2405 1141 penitus
2434 1059 2626 1124 liceat
2655 1060 2739 1124 ad

336 1162 615 1227 Nostrae
661 1164 1023 1228 serenitatis
1069 1164 1456 1229 audientiam
1501 1163 1814 1245 quomodo
1859 1162 2016 1227 libet
2060 1163 2396 1246 appellare.
2473 1163 2638 1228 Nam
2683 1164 2739 1228 si

338 1267 498 1349 quid
561 1268 945 1333 contrarium
1010 1287 1125 1351 per
1191 1269 1552 1351 quempiam
1609 1267 1824 1332 forsan
1890 1257 2334 1350 attemptatum
2393 1267 2603 1348 fuerit,
2670 1268 2738 1331 id

335 1372 575 1437 nullius
622 1374 875 1455 penitus
921 1373 1299 1439 auctoritate
1341 1374 1518 1456 regia
1548 1372 1849 1437 Boemiae
1892 1372 2288 1439 decernimus
2315 1372 2452 1439 fore
2494 1372 2737 1438 roboris

337 1478 443 1541 vel
501 1477 835 1557 momenti3
896 1478 1149 1560 ipsique
1208 1476 1699 1543 contrafactores
1767 1482 1831 1542 et
1884 1478 2152 1543 rebelles
2213 1476 2368 1542 dicti
2430 1476 2509 1541 H.
2559 1479 2624 1539 et
2665 1474 2737 1543 T.

338 1582 570 1664 punire
630 1581 947 1648 debebunt
1006 1588 1072 1647 et
1130 1583 1446 1667 corripere
1508 1583 1575 1646 in
1639 1583 1943 1665 ipsorum
1977 1571 2167 1648 rebus
2229 1587 2293 1647 et
2351 1582 2737 1665 corporibuS,

338 1689 536 1767 prout
579 1705 796 1752 eorum
839 1688 1154 1754 industria
1197 1688 1517 1753 videbitur
1560 1688 1875 1770 expedire.

549 1789 787 1857 Datum
829 1790 1075 1874 Pragae
1110 1793 1295 1872 1380,
1347 1792 1443 1857 15.
1491 1792 1650 1857 NoV.

480 1926 483 1932 ’
558 1928 670 1996 (Ex
706 1930 835 1997 oriy.
874 1929 1094 1981 Archivi
1115 1929 1269 1996 feud.
1306 1936 1353 1981 et
1390 1925 1587 1995 appell.
1625 1930 1783 1983 Bolas
1822 1930 2004 1989 Pelzel‚
2039 1931 2109 1982 K.
2156 1931 2354 1983 Wenzel
2388 1929 2624 2000 XXIII).

551 2104 610 2168 4.
674 2103 755 2167 W
775 2122 868 2168 en
887 2105 1221 2169 ceslaus
1284 2123 1395 2168 rex
1461 2104 1695 2170 illustri
1751 2103 2060 2187 Procopio
2119 2105 2467 2171 marchioni
2526 2106 2735 2171 Mora-

338 2209 487 2274 viae
532 2226 656 2273 ecc.

509 2331 510 2334 ¹
552 2312 826 2376 Illustris
883 2304 1208 2395 princeps!
1297 2312 1642 2394 Postquam
1702 2313 1948 2394 pridem
2008 2332 2120 2395 pro
2161 2314 2569 2397 ⁴disponenda
2610 2315 2734 2379 Im-

338 2417 505 2499 perii
567 2416 626 2481 S.
680 2415 1005 2498 republica
1065 2422 1130 2481 et
1186 2418 1635 2500 recuperandis
1696 2418 1979 2500 ejusdem
2032 2418 2288 2501 Imperii
2339 2420 2590 2502 juribus
2647 2457 2733 2467 —-

338 2522 424 2586 ad
471 2521 878 2587 Almanorum
935 2526 1147 2604 partes
1207 2523 1623 2604 personaliter
1680 2523 2023 2604 procedere
2068 2524 2457 2590 decrevisset
2499 2524 2733 2589 Nostra

339 2627 652 2691 serenitas
671 2677 686 2708 ,
791 2644 871 2690 ne
960 2627 1038 2693 ob
1128 2627 1442 2693 defectum
1528 2626 1801 2691 Nostrae
1888 2645 2194 2709 personae
2282 2628 2734 2693 hereditarium
2783 2648 2787 2653 ⁴

337 2750 605 2813 regnum
690 2730 993 2796 Nostrum
1080 2731 1380 2797 Boemiae
1470 2736 1533 2795 et
1621 2733 1758 2814 ejus
1846 2733 2086 2797 incolas
2175 2751 2290 2814 per
2376 2734 2733 2816 quempiam

338 2823 613 2917 opprimi
658 2854 771 2900 seu
823 2836 1379 2918 aliquomodolibet
1439 2836 1830 2917 contingeret
1871 2837 2212 2917 molestari,
2271 2841 2337 2901 te
2380 2838 2447 2901 in
2489 2844 2732 2920 partem

336 2938 615 3004 Nostrae
667 2940 1111 3005 sollicitudinis
1156 2944 1449 3004 vocatum
1508 2940 1793 3021 ejusdem
1853 2941 2029 3021 regni
2073 2940 2291 3006 Nostri
2336 2943 2734 3024 capitaneum

336 3043 607 3108 fecimus
667 3048 731 3108 et
790 3044 1238 3124 ordinavimus,
1302 3043 1451 3109 data
1500 3045 1618 3109 tibi
1678 3048 1993 3125 potestate
2049 3045 2351 3127 plenaria,
2412 3046 2730 3127 honorem,
2831 3098 2834 3101 .

338 3147 693 3229 profectum
753 3152 818 3212 et
878 3148 1270 3213 commodum
1314 3148 1617 3214 Nostrum
1679 3152 1743 3212 et
1801 3149 1953 3213 dicti
2012 3149 2188 3230 regni
2232 3149 2448 3214 Nostri
2509 3169 2732 3232 procu-

339 3251 543 3330 randi,
606 3255 672 3315 et
730 3254 938 3317 omnia
998 3253 1124 3317 alia
1166 3251 1458 3333 faciendi,
1522 3272 1686 3336 quae
1747 3255 1914 3319 circa
1964 3254 2084 3318 hoc
2128 3254 2485 3319 necessaria
2529 3253 2735 3320 forent

340 3360 409 3420 et
454 3360 822 3437 opportuna,
874 3362 1064 3439 prout
1108 3357 1296 3422 datae
1342 3376 1532 3440 super
1590 3358 1709 3422 hoc
1754 3358 2076 3422 dilectioni
2133 3363 2282 3423 tuae
2326 3360 2490 3424 aliae
2534 3359 2732 3441 Maje-

343 3461 528 3525 statis
574 3460 845 3526 Nostrae
903 3462 1125 3527 literae
1184 3462 1518 3528 manifeste
1578 3462 1917 3527 declarant.
2009 3460 2110 3526 Ad
2154 3460 2342 3527 finem
2389 3462 2599 3543 igitur,
2662 3467 2734 3526 ut

342 3564 614 3647 praefati
657 3567 835 3647 regni
879 3566 1096 3631 Nostri
1142 3571 1207 3632 et
1249 3567 1596 3631 incolarum
1654 3566 1856 3648 ipsius
1915 3584 2029 3647 per
2069 3570 2136 3630 te
2197 3571 2568 3648 procuretur
2610 3568 2732 3631 uti-

339 3670 489 3734 litas
550 3673 614 3733 et
672 3671 1001 3736 rebellium
1052 3671 1475 3753 quorumlibet
1530 3670 1651 3736 tibi
1711 3670 1977 3735 forsitan
2037 3670 2345 3735 obsistere
2386 3672 2732 3736 volentium

342 3773 633 3837 dometur
664 3773 951 3855 audacia,
1000 3775 1207 3839 animo
1240 3774 1604 3855 deliberat0‚
1654 3792 1806 3839 sano
1836 3771 2117 3839 fidelium
2145 3775 2519 3840 Nostrorum
2555 3795 2732 3841 acce-

342 3878 529 3942 dente
597 3878 875 3958 consili0,
942 3879 1119 3959 regia
1185 3879 1559 3944 auctoritate
1604 3878 1905 3944 Boemiae
1986 3883 2051 3943 et
2129 3879 2209 3943 de
2270 3884 2440 3945 certa
2498 3881 2732 3945 Nostra

341 3981 607 4045 scientia
663 3980 778 4046 tibi
823 3981 1059 4046 virtute
1116 3982 1545 4063 praesentium
1590 3982 1814 4047 damus
1875 3987 1940 4048 et
2000 3984 2400 4049 concedimus
2460 3985 2728 4066 plenam,

340 4086 605 4151 liberam
665 4089 730 4150 et
787 4076 1208 4151 omnimodam
1252 4090 1652 4168 potestatem,
1714 4091 1787 4151 ut
1831 4088 1956 4152 vid.
2007 4087 2343 4154 adversum
2405 4107 2620 4154 omnes
2668 4093 2733 4152 et

344 4190 659 4277 singuloS,
693 4190 1121 4273 cujuscunque
1164 4192 1722 4273 praeeminentiae,
1772 4193 2166 4274 conditionis,
2215 4198 2436 4273 status,
2498 4193 2730 4275 gradus

345 4314 455 4360 seu
519 4293 847 4376 dignitatis
908 4296 1199 4376 existant,
1260 4296 1371 4379 qui
1428 4301 1495 4361 te
1551 4298 1619 4362 in
1677 4299 2073 4380 procuranda
2129 4298 2305 4381 regni
2358 4298 2574 4362 Nostri
2632 4317 2733 4362 re-

343 4401 595 4483 publica
667 4404 731 4464 et
794 4401 1033 4466 honore
1099 4420 1173 4467 ac
1242 4401 1529 4484 profectu
1595 4401 1828 4467 Nostro
1904 4403 2249 4486 dirigendis
2313 4403 2566 4486 publice
2630 4405 2732 4469 vel
