3225 5017
202 328 203 334 ἵ
287 359 336 410 166
581 413 583 420 ,
689 355 755 427 Gap.
773 355 819 411 VI.
837 356 892 411 Res
911 357 1070 412 monetaria.

287 567 421 614 unacum
443 550 515 614 aliis
533 549 681 631 denariis,
705 569 783 632 quos
807 549 975 634 hucusque
998 534 1125 617 nomine
1144 549 1251 616 salarii
1266 557 1482 634 perceperunt⁷
1570 572 1571 581 ¹

285 654 325 718 de
346 657 453 718 cetero
475 672 537 718 non
560 653 698 720 debeant
720 655 903 738 aliqualiter
922 655 1106 737 impedire.“

391 758 474 826 (orry.
493 759 555 812 otor.
573 759 643 811 anio.
663 761 741 829 Pap.
760 759 896 828 &moer-9
919 760 980 812 Uro.
998 763 1041 812 aa
1060 759 1128 812 nar.
1147 760 1201 813 m.
1219 759 1291 828 523.)

389 897 440 962 26.
467 897 688 964 1341-1352.
713 897 779 964 Nos
794 897 932 963 Karolus
950 901 1205 981 recognoscimus
1228 902 1298 980 etc,
1322 899 1408 982 quod
1434 899 1480 963 di-

286 1000 386 1066 lectos
405 995 506 1066 Nobis
522 1000 740 1080 Alnastasium
756 1002 796 1066 de
811 1001 990 1084 Florencia)
1007 1007 1040 1067 et
1062 1002 1096 1069 C.
1121 1004 1224 1084 gratia
1246 1003 1387 1068 volentes
1411 993 1480 1086 pro-

285 1105 376 1188 sequi
410 1109 442 1170 66
463 1105 581 1187 favore,
615 1107 694 1188 ipsis
723 1145 766 1154 -
790 1107 991 1172 concedimus
1025 1112 1058 1173 66
1091 1107 1242 1186 favemus,
1276 1111 1313 1172 ut
1347 1108 1484 1191 quilibet

285 1228 394 1275 eorum
416 1209 464 1274 ΙΙΙ
488 1229 611 1277 marcas
634 1211 703 1276 auri
732 1211 803 1294 puri
834 1230 892 1294 per
915 1212 1162 1276 examinatorem
1185 1210 1338 1276 Nostrum
1365 1213 1483 1278 exami-

287 1316 362 1396 nati,
393 1316 477 1382 sicut
498 1313 568 1382 ficri
590 1318 754 1383 consuevit
776 1319 809 1383 in
831 1317 948 1382 Nostra
970 1322 1105 1398 moneta,
1135 1317 1371 1400 septimanatim
1395 1336 1484 1398 prae·

286 1424 411 1485 seuture
441 1420 580 1486 habeant
609 1422 650 1487 ad
680 1423 812 1488 eandem
846 1426 879 1487 et
900 1423 1021 1505 absque
1047 1422 1129 1506 jure,
1161 1421 1244 1503 quod
1274 1419 1375 1486 Nobis
1410 1421 1483 1485 inde

285 1525 424 1606 deberet,
459 1545 572 1592 aureos
602 1527 739 1610 propriis
771 1528 838 1591 suis
859 1527 1021 1593 laboribus
1049 1527 1100 1592 vel
1128 1526 1307 1609 sumptibus
1328 1525 1483 1619 fabricare

285 1631 318 1695 in
341 1648 470 1696 suarum
492 1631 670 1698 subsidium
692 1624 911 1714 expensarum,
937 1632 1088 1714 quamdiu
1111 1650 1146 1696 se
1169 1650 1245 1712 erga
1259 1617 1325 1694 Nos
1344 1627 1482 1695 fideliter

285 1736 442 1816 gesserint
464 1740 497 1801 et
518 1735 618 1801 Nobis
649 1754 757 1801 eorum
787 1736 953 1800 servitium
974 1735 1071 1800 fuerit
1100 1736 1299 1817 placiturum.
1322 1773 1366 1781 —
1388 1734 1433 1799 Et
1455 1736 1483 1798 si

287 1840 358 1920 plus
382 1841 452 1906 auri
474 1845 610 1924 uterque
625 1858 743 1920 eorum,
768 1858 863 1924 quam
879 1840 1058 1922 praedictas
1076 1839 1124 1904 III
1138 1828 1318 1904 marcas'ad
1333 1837 1483 1902 Nostram

287 1949 445 2010 monetam
475 1946 618 2028 posuerit
648 1945 791 2028 qualibet
822 1945 1007 2026 septimana,
1040 1944 1153 2009 exinde
1182 1961 1240 2026 pro
1268 1944 1356 2007 lucro
1382 1942 1483 2007 Nobis

285 2047 401 2114 debito
416 2068 472 2114 seu
491 2052 565 2133 jure
586 2050 702 2115 Nostro
726 2050 872 2115 volumus
894 2049 936 2114 de
958 2068 1064 2114 marca
1091 2049 1232 2132 qualibet
1245 2049 1278 2112 in
1294 2065 1390 2112 aureo
1406 2065 1479 2111 con-

285 2154 411 2233 tentari,
434 2155 622 2219 mandantes
646 2152 759 2220 devoto
779 2152 896 2218 Nostro
911 2151 1050 2233 Jescoui,
1073 2153 1254 2236 praeposito
1278 2152 1419 2234 capellae
1442 2150 1484 2216 ad

287 2255 405 2322 Omnes
436 2257 567 2324 Sanctos
592 2259 625 2322 in
649 2262 752 2322 castro
778 2257 942 2340 Prageusi
973 2261 1005 2321 et
1035 2257 1170 2322 caeteris
1200 2256 1362 2337 magistus
1392 2273 1484 2336 prae-

286 2360 391 2425 dictae
413 2364 559 2427 monetae
581 2360 718 2429 Nostrae
748 2381 874 2442 aureae,
906 2365 1063 2443 quatenus
1092 2360 1254 2443 praefatos
1276 2359 1312 2424 A.
1336 2363 1370 2423 ct
1393 2357 1426 2422 C.
1451 2359 1484 2422 in

287 2466 371 2530 dicta
393 2467 497 2547 gratia
520 2466 700 2531 nullatenus
722 2466 879 2549 impedire
902 2466 1049 2553 audeant.

392 2568 508 2634 (Samma
527 2567 662 2621 Gerbarda'
681 2571 732 2636 74.)

287 2687 290 2696 '
389 2691 440 2756 27.
463 2689 666 2772 Recognosco
682 2696 715 2757 et
728 2696 838 2771 testor,
853 2692 936 2772 quod
948 2691 1147 2783 Alnastasio)
1163 2690 1339 2756 Lombardo
1357 2690 1397 2755 de
1412 2689 1484 2754 llo-

286 2795 388 2859 rentia
417 2800 627 2878 conquerente
651 2815 747 2878 super
772 2795 967 2880 B(albinum)
994 2796 1206 2861 Lombardum
1232 2795 1273 2859 de
1295 2792 1480 2874 (Veneciisl,

288 2899 480 2980 sculptorem
501 2899 762 2966 ferramentorum
783 2904 929 2965 monetae
951 2900 1142 2982 Pragensis.
1154 2904 1211 2964 etc.

393 3002 507 3070 (Stemma
526 3001 605 3055 Gerb.
625 3006 694 3070 183.)

518 3140 661 3207 Caroli
683 3141 736 3207 IV.
762 3089 978 3207 ordinatio
1002 3142 1049 3206 de
1071 3147 1240 3208 moneta.

761 3255 853 3319 1378.
877 3250 907 3318 2.
932 3253 1011 3319 Nor.

394 3367 444 3432 28.
469 3367 606 3433 Karalus
636 3372 767 3451 quartus
800 3367 908 3431 divina
935 3366 1062 3432 favente
1084 3367 1250 3431 clementia
1271 3364 1482 3431 Romanorum

287 3472 463 3554 Imperator
485 3491 610 3555 semper
625 3472 790 3554 Augustus
814 3476 846 3535 et
863 3469 1036 3535 Bohemiae
1058 3489 1123 3551 rex,
1147 3475 1179 3535 et
1193 3469 1401 3536 chceslaus
1423 3470 1481 3535 Dei

287 3577 389 3657 gratia
403 3576 616 3642 Romanorum
634 3597 690 3642 rex
714 3595 839 3658 semper
853 3575 1016 3657 Augustus
1039 3579 1074 3639 66
1095 3574 1267 3641 Bohemiae
1289 3595 1354 3657 ren,
1375 3580 1481 3640 notum

287 3679 421 3745 facimus
443 3685 552 3747 tenore
574 3681 792 3763 praesentium
814 3680 979 3746 universis.

391 3784 478 3850 Inter
500 3784 749 3850 sollicitudinum
773 3803 866 3849 curas
886 3785 1076 3864 innumeras,
1100 3784 1215 3867 quibus
1230 3785 1273 3855 in„
1287 3783 1481 3849 subditorum

288 3888 476 3953 Nostrorum
500 3889 775 3954 commoditatibus
797 3889 1004 3969 procurandis
1033 3888 1194 3954 laboribus
1225 3889 1364 3954 assiduis
1386 3888 1482 3952 invol-

288 3994 392 4058 vimur
422 3998 455 4059 66
482 3992 600 4075 fatigia,
631 3993 710 4057 illud
741 3993 912 4074 praecipue
940 3993 1145 4057 meditatione
1176 3993 1306 4074 dignum
1336 3993 1480 4068 occurrit,

290 4099 427 4181 qualiter
457 4098 626 4180 peculiaris
660 4097 748 4178 regni
778 4096 887 4161 Nostri
909 4096 1082 4160 Bohemiae
1112 4097 1373 4178 subditorumque
1406 4092 1480 4179 ejus,

289 4206 418 4266 auctore
433 4202 511 4280 Deo,
534 4201 659 4266 Nostris
681 4201 876 4283 temporibus
898 4202 1092 4266 instauretur
1107 4201 1229 4265 utilitas
1251 4204 1284 4265 et
1305 4200 1480 4281 respublica

288 4306 424 4371 feliciter
440 4305 632 4386 disponatur.
657 4305 739 4370 Sane
755 4306 897 4387 ejusdem
911 4305 1001 4386 regni
1016 4303 1126 4370 Nostri
1141 4305 1293 4370 damnosa
1309 4304 1479 4386 dispendia,

289 4412 404 4491 quibus
436 4430 475 4475 ex
502 4410 634 4475 levitate
663 4414 808 4476 monetae
838 4409 1010 4474 communis
1041 4410 1241 4475 denariorum
1264 4410 1478 4490 Pragensium

1569 598 1571 687 l
