3225 5017
471 338 536 408 (lap.
554 337 627 392 VIH.
651 337 707 391 Res
725 335 935 391 ecclesiastices.
1247 335 1297 386 113

112 578 115 584 ·
210 532 411 599 Fundatio
442 532 584 597 domus
608 529 845 610 hospitariis·
872 527 1111 597 Boemorum
1142 525 1296 592 Romae

104 635 448 705 1311111111
1060 655 1061 661 ’
1116 653 1118 658 ’

207 747 393 824 Reverendo
425 758 473 820 in
493 756 620 822 Christo
657 756 742 838 patri
774 759 807 820 et
793 755 979 834 tdomino,
1017 754 1145 820 domino
1180 752 1296 818 Joanni

101 866 130 930 S.
156 865 239 945 Prag
220 854 327 928 oensis
347 854 782 943 111111111111111111111ρο,
796 859 898 942 apori
875 859 1007 924 tsedis
1029 859 1144 940 legato,
1101 857 1294 937 toPetrus,

99 969 234 1034 Ulriens
254 973 300 1032 11
306 967 447 1032 loannes
468 966 610 1047 germani
632 965 753 1030 fratres
783 964 833 1029 de
856 963 1073 1074 Rosenberg,
1071 961 1241 1028 obedient
1218 966 1296 1027 tram

100 1093 175 1139 cum
195 1072 375 1138 reverentia
397 1070 504 1138 debita
527 1073 560 1135 11
582 1069 746 1152 condigna

207 1230 362 1307 Quoniam
384 1229 442 1294 ad
447 1227 558 1293 urbem
579 1211 773 1306 Romanam,
785 1231 879 1309 quam
894 1212 981 1294 beati
995 1170 1109 1291 Petrus
1125 1229 1158 1291 et
1171 1225 1289 1291 Paulus

100 1335 238 1416 apostoli
270 1333 406 1415 glorioso
430 1336 554 1396 cruore
567 1333 711 1415 martyrii
741 1318 867 1397 Christo
897 1331 1032 1396 Domino
1063 1332 1295 1409 consecrarunt,

103 1441 151 1504 ita
174 1444 210 1506 ut
233 1439 345 1504 civitas
368 1423 574 1502 sacerdotalis
597 1442 630 1505 et
650 1437 740 1519 regia
762 1442 794 1502 et
817 1455 874 1519 per
897 1421 1018 1502 sacram
1036 1435 1068 1502 b.
1092 1434 1179 1500 Petri
1201 1431 1296 1498 fidem

100 1548 210 1625 caput·
224 1545 273 1607 est
293 1542 392 1607 totius
415 1541 499 1606 orbis
522 1539 656 1620 1111111,
670 1541 710 1605 de
732 1541 868 1606 dirersis
890 1527 1000 1606 mundi
1014 1539 1157 1622 partibus
1179 1536 1298 1604 Christi

97 1647 213 1712 fideles
235 1665 292 1729 pro
315 1646 493 1728 expiatione
515 1633 681 1710 cuminum
704 1648 736 1709 et
758 1639 877 1711 salubri
897 1644 992 1710 uenia
1014 1642 1201 1708 delictorum
1223 1660 1296 1708 eon-

98 1753 229 1834 fugiunt
257 1752 349 1834 quasi
378 1750 419 1815 ad
441 1753 591 1828 matrem3
613 1751 697 1814 inter
719 1767 798 1832 quos
821 1749 929 1830 plnres
952 1748 1153 1830 reperiuntur
1175 1747 1297 1814 debiles

98 1862 134 1922 et
167 1854 282 1921 infirmi
316 1858 348 1946 et
379 1853 600 1936 temporalium
632 1854 753 1918 solatio·
776 1853 930 1918 destituti.
977 1851 1058 1918 Sane
1087 1850 1147 1916 hoc
1176 1851 1296 1917 dudum

97 1961 324 2026 serenissimus
346 1959 503 2042 princeps,
526 1960 609 2023 dom.
633 1958 776 2038 Carolus,
799 1957 889 2023 Rom.
914 1959 991 2040 Imp.
1016 1964 1142 2039 semper
1163 1957 1243 2038 Aug.
1266 1961 1298 2022 et

97 2066 252 2130 Boemiae
280 2082 346 2144 rer,
377 2066 528 2145 tanquam
561 2063 707 2146 princeps
742 2062 924 2143 catholicus,
955 2063 1026 2146 pius
1064 2079 1236 2144 egenorum
1266 2066 1299 2127 et

94 2169 327 2234 miserabilium
362 2168 546 2248 consolator
571 2176 641 2233 ‘una
659 2155 735 2233 'cum
761 2172 905 2260 consorte
919 2187 987 2234 sua
1010 2168 1091 2233 dom.
1115 2163 1291 2247 Elisabeth,

95 2274 222 2338 Rom.
213 2273 320 2338 mrict.
344 2273 555 2354 imperatrice,
583 2273 698 2338 devota
726 2273 932 2339 meditatione
961 2273 1161 2356 perpendens
1191 2275 1223 2336 et
1209 2271 1297 2337 tad

97 2398 199 2460 opera
231 2377 468 2472 misericordiae
503 2377 623 2472 ubique
657 2375 817 2444 ferventer
850 2377 1004 2459 aspirans,
1042 2395 1136 2442 unam
1170 2375 1297 2441 domum

97 2484 195 2547 sitam
218 2482 337 2547 Romae
358 2465 458 2565 prope
479 2467 691 2548 ecclesiaset
673 2484 748 2547 tin
767 2482 935 2565 parochiis
968 2481 1000 2546 S.
1033 2481 1185 2564 Stephani
1216 2485 1294 2564 prot.

96 2587 255 2652 etBlasii
277 2606 376 2670 prope
399 2586 553 2671 Campum
565 2587 712 2668 Florum,
745 2607 801 2670 pro
826 2587 969 2652 omnibus
1001 2587 1158 2653 debilibus
1189 2590 1221 2650 et
1249 2586 1297 2649 in-

94 2687 199 2779 firmis
222 2692 431 2773 colligendum
464 2693 505 2757 de
538 2691 688 2758 Boemiae
718 2693 862 2775 partibus
891 2693 1019 2758 venient
1004 2692 1090 2758 tibus
1120 2710 1177 2774 pro
1210 2693 1296 2755 certa

96 2795 276 2877 comparari
308 2795 385 2860 iecit
408 2783 571 2879 pecuniae
607 2797 794 2879 quantitate
832 2797 998 2878 ipsamque
1035 2801 1106 2862 curn
1140 2795 1295 2861 uberioris

94 2901 222 2982 gratiae
238 2905 346 2965 saneto
361 2888 523 2983 proposito
541 2901 648 2982 egenis
664 2889 743 2984 ipsis
758 2888 799 2966 ad
814 2900 941 2966 laudern
955 2901 1082 2966 Domini
1098 2903 1131 2966 et
1145 2899 1295 2964 honorem

95 3004 284 3086 assignarit,
308 3005 442 3070 contulit
462 2993 499 3071 ‘et‘
516 3005 656 3100 donavit.

203 3142 321 3208 Verum
355 3136 430 3227 quia
457 3145 548 3210 idem
580 3137 738 3231 princeps
765 3151 895 3230 propter
932 3146 1036 3212 varias
1071 3145 1294 3228 occupationes

96 3266 225 3314 sacrum
246 3247 418 3331 Imperium
440 3253 473 3314 e
494 3250 722 3333 rempublicam
745 3255 934 3329 concernens
936 3269 979 3332 11,
1002 3249 1183 3368 hujusmodi
1211 3247 1295 3314 desi·

96 3351 274 3416 derandum
297 3356 482 3435 conceptum
505 3354 661 3435 complere
682 3374 745 3420 non
767 3356 886 3436 valere,
909 3355 1001 3422 nobis
1022 3355 1071 3421 ult
1057 3353 1206 3420 teriorem
1221 3373 1294 3418 exe-

98 3456 258 3520 cutionem
279 3456 381 3539 ipsius
404 3457 578 3522 commisit:
601 3475 658 3522 nos
684 3459 893 3539 attendentes,
918 3446 1002 3541 quod
1024 3449 1188 3524 memorati
1208 3459 1294 3540 prin-
1356 3482 1358 3486 ·

98 3559 182 3642 cipis
204 3559 379 3659 provident
370 3579 402 3624 ra
427 3561 535 3646 justae
562 3563 695 3628 rationis
728 3563 838 3647 adjuta
867 3565 1026 3646 praesidio
1056 3565 1141 3630 salut
1142 3555 1191 3628 ern
1221 3580 1293 3645 pro·

96 3663 214 3747 spiciat
242 3664 427 3746 animarum,
458 3666 601 3732 volentes
633 3668 673 3732 ad
696 3670 864 3734 commissa
892 3669 983 3735 nobis
1013 3686 1106 3750 opem
1136 3673 1168 3734 11
1196 3687 1293 3750 ορ111

96 3769 411 3852 adhibere,·cupient
413 3789 446 3835 es
468 3771 565 3837 etiam
588 3770 763 3856 corporalia
785 3774 941 3840 seminare
963 3775 996 3838 in
1018 3773 1112 3838 terris
1127 3791 1185 3854 pro
1200 3773 1292 3837 retri-

96 3874 226 3940 butione
256 3878 455 3940 aeternorum
483 3875 517 3941 in
548 3877 658 3958 coelis·
688 3878 728 3942 de
756 3878 848 3944 bonis
878 3879 995 3944 nostris
1017 3875 1157 3960 paternis
1180 3895 1199 3942 a
1221 3873 1290 3941 Deo

95 3979 189 4044 nobis
210 3978 369 4047 concessis
390 3979 629 4062 quatuordecim
644 3999 818 4064 sexagenas
834 4003 905 4067 curn
920 3983 1024 4049 medio
1039 3983 1162 4050 fertone
1176 3999 1290 4048 census

96 4083 206 4149 annuii
228 4087 260 4148 et
274 4083 577 4171 perpetuiboemici
590 4086 780 4172 pagamenti,
803 4088 867 4154 rid.
886 4088 919 4152 in
935 4087 1122 4170 1111101111,
1145 4092 1293 4171 quaeest

95 4190 207 4252 nostra
237 4182 564 4271 (Petriridelicet‘et
585 4188 740 4270 loannis),
769 4209 884 4257 novem
915 4211 1090 4274 sexagenas
1110 4211 1291 4277 grossorum

95 4311 117 4354 n
140 4290 319 4356 hominibus
332 4292 469 4359 rusticis
492 4294 701 4380 censualibus¹
715 4294 930 4362 residentibus
952 4315 1052 4380 prope
1074 4298 1169 4364 villae
1191 4300 1289 4364 intro-

95 4395 192 4485 itum·
208 4397 407 4487 gressusad
422 4397 554 4462 eandem
589 4398 628 4464 de
656 4396 850 4489 Przibienioz
885 4401 1058 4485 dirigendo,
1089 4407 1122 4468 et
1150 4403 1183 4468 in
1212 4404 1288 4470 villa
