3225 5017
17 296 117 403 ,34³
166 370 170 381 ζ
241 277 276 357 1o
442 303 507 373 Gap.
525 304 546 358 1.
564 302 619 358 Res
638 302 673 357 ad
693 302 769 373 regni
787 288 1050 357 administrationem
1069 306 1233 370 spectantes.

176 554 179 560 .
239 496 406 563 aNostris
435 497 733 579 praedecessoribus
754 494 904 560 Boemiae
933 494 1060 575 regibus
1090 493 1218 560 condita
1247 495 1279 556 et
1307 491 1431 575 inipso

19 584 90 615 ’⁸
135 664 137 668 .
239 621 336 685 regno
365 600 497 667 firmiter
526 603 702 682 observata,
731 600 847 665 futuris
875 599 1078 681 temporibus,
1109 602 1204 681 prout
1230 598 1351 681 justum
1373 601 1430 676 est,

239 711 404 774 serventur
425 706 545 787 illaesa,
574 706 759 772 nominatim
779 705 896 785 taliter,
924 708 960 769 ut
981 722 1043 769 non
1064 703 1160 769 liceat
1180 703 1276 769 alicui
1299 702 1432 767 alterum

6 785 73 836 ἡ
139 872 143 877 .
238 831 318 878 ausu
340 812 507 877 temerario
529 809 683 892 diffidere,
713 811 747 876 in
776 811 845 894 ejus
868 809 1063 875 domicilium
1084 808 1190 890 ignem
1211 808 1347 887 mittere,
1376 824 1431 889 pe-

239 917 336 982 cudes
369 916 509 996 auferre,
545 933 603 981 nec
637 915 698 981 sibi
735 915 839 981 alinea
873 916 955 981 bona
988 913 1222 998 quomodolibet
1253 912 1429 979 vendicare.

239 1021 440 1105 Quapropter
461 1018 607 1085 fidelitati
629 1023 705 1084 tuae
727 1020 894 1086 scribimus
918 1024 950 1085 et
970 1020 1142 1101 hortamur,
1173 1019 1323 1099 volentes,
1354 1035 1431 1099 qua-

239 1130 333 1191 tenus
355 1144 451 1209 super
463 1124 545 1189 festo
562 1174 569 1189 .
586 1128 742 1190 ..venturo
764 1124 905 1207 proxime
927 1143 1063 1190 unacum
1085 1124 1158 1190 aliis
1180 1124 1269 1206 regni
1284 1120 1432 1187 Boemiae

239 1230 419 1309 baronibus,
443 1229 557 1312 quibus
580 1247 676 1310 super
696 1228 757 1293 hoc
779 1228 925 1295 similiter
947 1230 1123 1309 scribimus,
1147 1227 1188 1293 ad
1209 1227 1276 1293 Nos
1298 1225 1432 1307 Pragam

240 1336 321 1401 velis
349 1340 383 1399 et
411 1334 528 1400 debeas
557 1337 591 1397 te
619 1333 828 1415 personaliter
850 1333 999 1413 conferre,
1031 1338 1067 1398 ut
1096 1332 1136 1396 de
1161 1337 1216 1397 tuo
1239 1336 1271 1396 et
1291 1332 1448 1413 ipsorum

240 1440 380 1518 consilio,
410 1438 494 1520 quod
522 1438 564 1503 ad
586 1438 757 1504 utilitatem
785 1438 944 1519 publicam
965 1442 1070 1503 mente
1097 1438 1305 1519 concepimus,
1337 1439 1432 1517 opere

244 1544 401 1626 complere
423 1540 559 1608 finaliter
580 1527 767 1608 valeamus.¹

347 1682 385 1748 (E
401 1680 461 1733 ooo.
481 1680 565 1748 Capit.
583 1682 663 1750 Proq.
681 1681 718 1735 H.
735 1684 765 1733 3:
784 1681 908 1749 Polocby,
926 1680 1122 1734 For-melbdcbcr
1139 1680 1175 1733 ΙΙ.
1193 1682 1246 1731 136
1263 1680 1299 1748 o).

345 1858 375 1923 b.
399 1856 518 1922 Fidelis
540 1856 671 1921 dilectet
703 1856 794 1922 Licet
815 1856 895 1921 alias
916 1860 991 1921 tuae
1013 1853 1158 1921 fidelitati
1180 1854 1373 1938 scripsimus,
1398 1857 1434 1919 ut

240 1980 297 2045 pro
320 1960 523 2043 disponendis
545 1960 735 2027 utilitatibus
764 1980 802 2027 ac
825 1960 967 2045 prosectu
989 1960 1078 2042 regni
1099 1958 1209 2023 Nostri
1231 1958 1379 2023 Boanum
1402 1962 1435 2021 et

241 2066 414 2131 incolarum
442 2066 543 2147 ipsius
574 2082 670 2147 super
691 2066 880 2132 clamoribus
909 2066 1095 2150 injuriarum
1125 2068 1158 2129 et
1182 2063 1253 2129 aliis
1275 2062 1433 2128 violentiis

242 2189 298 2236 seu
313 2170 421 2251 fatigio
435 2170 594 2252 indebitis,
617 2188 696 2253 quas
711 2169 822 2237 Nostri
837 2176 870 2237 et
884 2171 1026 2255 ejusdem
1043 2170 1132 2253 regni
1146 2166 1256 2235 fideles
1270 2168 1434 2247 hucusque

242 2275 410 2340 sustulisse
431 2274 586 2355 videntur,
609 2274 745 2340 Nostrae
767 2274 946 2359 Majestatis
971 2275 1184 2358 praesentiam
1206 2271 1356 2341 accedere
1379 2270 1433 2335 de-

241 2380 343 2459 beres,
373 2382 410 2445 nt
430 2379 580 2444 videlicet
608 2379 648 2444 de
675 2384 730 2445 tuo
759 2385 793 2448 et
821 2381 955 2447 aliorum
976 2382 1129 2447 baronum
1158 2378 1287 2445 consilio
1316 2375 1434 2442 talibus

242 2483 428 2564 defectibus,
450 2484 514 2549 imo
528 2484 635 2567 potius
656 2486 901 2552 necessitatibus
923 2503 1088 2568 possemus
1109 2483 1238 2550 realiter
1251 2480 1434 2566 providere3

243 2590 317 2673 quia
336 2594 442 2655 tamen
464 2590 747 2658 intervenientibus
773 2590 932 2673 aliquibus
961 2590 1096 2672 negotiis
1119 2588 1227 2655 arduis
1255 2582 1435 2671 hujusmodi

241 2676 397 2759 Nostrum
406 2694 602 2777 propositum
617 2698 763 2777 protunc
779 2694 884 2759 extitit
897 2693 1092 2775 impeditum,
1115 2710 1218 2775 neque
1233 2690 1274 2757 ad
1289 2688 1436 2757 effectum

242 2801 385 2881 optatum
405 2797 612 2880 perductum:
633 2816 674 2864 ne
695 2798 794 2880 igitur
814 2798 848 2863 in
869 2814 966 2880 regno
988 2796 1104 2862 Nostro
1126 2796 1288 2880 praedicto
1318 2794 1359 2860 ob
1380 2794 1435 2859 de-

241 2902 360 2967 fectum
386 2901 531 2985 justitiae
565 2902 605 2967 de
639 2908 743 2968 cetero
778 2903 895 2969 clamor
928 2901 1087 2983 exuberet,
1121 2906 1143 2967 t
1173 2900 1194 2967 f.
1226 2916 1373 2982 rogamus
1403 2902 1436 2963 et

241 3008 413 3086 hortamur,
437 3006 653 3071 desiderantes
669 3024 708 3071 ex
722 3008 836 3088 animo,
860 3011 1014 3090 quatenus
1033 3006 1169 3089 negotiis
1184 3006 1248 3071 tuis
1270 3005 1303 3069 in
1325 3002 1435 3068 ordine

184 3151 187 3154 -
244 3113 366 3194 positis,
396 3110 437 3176 ad
467 3109 533 3175 Nos
563 3110 632 3175 sine
654 3109 805 3176 dilatione
835 3111 976 3193 qualibet
996 3110 1076 3177 velis
1099 3110 1236 3193 dirigere
1263 3110 1325 3175 iter
1345 3112 1435 3174 tuum

241 3217 357 3296 taliter,
381 3220 417 3279 ut
432 3234 528 3297 super
550 3218 661 3279 octava
684 3216 784 3280 sancti
808 3264 815 3280 .
841 3266 847 3280 .
872 3266 879 3281 .
903 3221 1037 3282 ventura
1058 3215 1200 3298 proxime
1215 3213 1299 3297 apud
1313 3212 1380 3279 Nos
1402 3214 1436 3278 in

244 3372 250 3385 .
276 3372 282 3385 .
308 3370 315 3385 .
339 3322 384 3385 sis
406 3317 542 3385 finaliter
564 3319 770 3399 constitutus,
793 3338 853 3385 nec
874 3323 908 3385 te
928 3320 1101 3386 necessitas
1122 3318 1251 3402 propria
1269 3322 1435 3401 quantum·

244 3425 323 3490 libet
350 3423 449 3490 arduo
479 3422 512 3487 in
533 3422 593 3487 hoc
615 3429 836 3507 praeoccupet,
870 3425 946 3508 quin
978 3443 1035 3508 pro
1065 3423 1261 3507 disponenda
1293 3422 1435 3507 ejusdem

241 3529 330 3610 regni
352 3527 526 3610 republica
547 3545 644 3610 super
666 3528 751 3593 dicto
769 3530 902 3595 termino
924 3533 957 3594 te
971 3528 1087 3594 Nostro
1103 3528 1285 3611 conspectui
1300 3525 1436 3595 finaliter

241 3636 468 3715 repraesentes,
508 3652 579 3698 cum
615 3632 656 3697 de
685 3638 740 3698 tuo
777 3639 810 3700 et
845 3635 978 3699 aliorum
1013 3634 1166 3699 baronum
1201 3634 1340 3713 consilio,
1377 3650 1434 3714 pro

242 3737 356 3818 quibus
386 3738 532 3803 similiter
560 3738 731 3803 direximus
754 3739 873 3821 scripta
893 3738 1018 3818 Nostra,
1050 3736 1224 3829 defectibus
1254 3736 1434 3822 hujusmodi

243 3843 387 3908 volumus
416 3844 592 3925 providere,
627 3847 659 3908 et
688 3845 715 3909 si
744 3844 821 3926 quid
849 3846 1028 3927 neglectum
1055 3843 1153 3909 fuerit
1181 3844 1214 3909 in
1242 3840 1433 3926 praemissis,

243 3945 401 4012 mediante
418 3948 544 4031 justitia
567 3947 749 4013 conabimur
770 3948 951 4031 adimplere.

348 4084 387 4152 (E
403 4084 463 4137 cod.
483 4085 568 4151 Capit.
588 4087 667 4155 Prop.
685 4086 721 4142 H.
739 4089 769 4139 3:
789 4088 913 4156 Poloclcp,
931 4089 1126 4142 Fomeltccber
1143 4086 1179 4141 11.
1197 4090 1250 4138 136
1267 4087 1301 4153 b).

346 4260 375 4325 6.
399 4258 584 4340 Prudentes,
608 4261 729 4327 sincere
744 4261 867 4327 dilecti!
891 4263 981 4329 Licet
999 4262 1122 4346 pridem
1144 4262 1310 4345 scripsisse
1324 4261 1433 4325 memi-

243 4366 356 4445 nimus,
379 4370 415 4430 ut
436 4384 492 4447 pro
512 4365 707 4449 disponenda
727 4368 890 4450 republica
913 4387 1008 4451 super
1021 4367 1103 4434 festo
1127 4368 1227 4433 sancti
1240 4368 1274 4432 P.
1292 4367 1434 4450 proximo
