3225 5017
356 309 421 396 Gap.
438 309 473 366 Π,
490 307 578 380 Regni
594 309 624 366 in
641 309 781 368 districtus
799 311 906 367 divisio.
963 305 966 308 ’
1192 319 1225 369 93

33 502 202 584 alimonias,
233 503 393 586 Bararus,
424 504 601 587 Stephanus
624 510 657 572 et
677 506 806 572 Pessieo
837 507 878 573 de
899 507 1069 574 Zelcowicz
1098 508 1172 575 laici
1195 512 1227 574 et

33 606 91 672 alii
115 626 224 674 eorum
254 610 287 673 in
309 609 368 674 hac
390 614 482 692 parte
504 611 683 694 complices,
712 611 855 677 homines
885 613 987 695 ipsius
1010 614 1173 680 censuales
1194 614 1227 680 in

33 712 122 777 villis
143 712 308 780 Lahowicz
323 712 393 799 (45)
415 720 447 781 ot
461 715 598 799 Rzyssut
620 716 689 802 (45)
711 715 752 783 ad
775 716 892 782 dictam
913 717 1105 800 Pragensem
1127 719 1227 784 eccle.-

35 817 118 882 siam
140 818 366 899 speatantihus,
396 819 438 885 ad
469 820 686 886 crudariorum
710 809 766 887 seu
791 820 1064 887 beneficiariorum
1085 822 1228 889 distri-

35 926 130 986 ctus
152 921 529 990 Lutomiericensis
553 925 729 992 citaverunt
751 929 784 990 et
806 925 904 990 citare
919 931 1166 1008 procuraverunt
1187 929 1228 994 ad

33 1044 145 1091 eorum
170 1026 326 1110 judicium
356 1029 508 1110 seculare,
538 1049 698 1112 nunquam
727 1031 767 1096 ab
797 1030 909 1096 eodem
939 1031 968 1096 d.
992 1029 1029 1096 A.
1061 1032 1102 1099 de
1133 1033 1227 1098 dictis

34 1130 216 1200 homiuibus
235 1132 362 1216 Justitia
383 1134 543 1216 postulata
566 1138 623 1200 etc.
650 1135 763 1215 (Form.
787 1134 827 1201 Π.
851 1132 940 1217 247.)

142 1339 306 1407 Melnik.
333 1342 425 1410 1348.
473 1342 605 1410 Carolus
626 1363 682 1410 rex
705 1395 712 1412 .
736 1395 744 1410 .
768 1394 776 1409 .
799 1348 909 1410 notum
929 1343 1063 1411 facimus
1086 1395 1093 1411 .
1118 1395 1125 1411 .
1150 1397 1157 1411 .
1177 1327 1248 1431 juss

35 1447 117 1514 ratis
140 1451 173 1513 et
203 1447 403 1515 universitati
434 1449 550 1515 civium
571 1449 605 1516 in
627 1447 748 1516 Meluik
774 1454 810 1515 et
832 1449 1067 1516 successorihus
1089 1451 1230 1534 ipsorum

35 1551 196 1618 universis
218 1570 339 1618 necnon
362 1553 483 1620 civitati
505 1553 691 1621 Melnicensi
721 1556 846 1638 stylum,
877 1555 1018 1637 regimen
1047 1559 1080 1620 et
1100 1560 1231 1622 annota-

35 1657 158 1722 tionem
179 1657 358 1724 tahularum
379 1661 484 1725 terrae
505 1658 660 1740 habenda,
687 1660 826 1741 regenda
848 1662 880 1724 et
902 1657 1067 1742 dirigenda
1089 1661 1231 1726 commit-

36 1761 136 1930 tiJmus
159 1811 166 1826 .
191 1811 230 1828 ..
262 1762 325 1847 (Ex
355 1763 431 1844 orig.
455 1762 476 1828 i.
500 1783 524 1828 r.
556 1763 678 1830 archivi
699 1762 833 1829 Vindob.
859 1761 975 1844 Pelzeh
1005 1762 1043 1828 Κ.
1053 1761 1059 1771 ”
1068 1762 1146 1829 Karl
1175 1764 1228 1831 IV.

69 1865 117 1931 rh.
144 1866 230 1951 196.)

144 2075 349 2144 Nimburk.
375 2077 467 2142 1322.
492 2077 575 2143 Woh
599 2077 801 2160 conqueritur
824 2094 919 2158 super
941 2074 1168 2160 Marquardum
1191 2077 1231 2142 de
1289 2164 1292 2169 Ι

42 2180 242 2246 Zwierzeticz
265 2202 322 2266 pro
344 2182 438 2249 vadio
461 2182 524 2246 300
543 2203 582 2247 m.
600 2201 677 2264 arg„
700 2180 775 2264 quia
796 2180 957 2247 roboravit
978 2197 1012 2245 se
1034 2180 1095 2247 sibi
1117 2182 1232 2265 amica-

39 2285 98 2350 bili
119 2285 315 2352 ordinatione
338 2287 397 2353 sub
411 2287 471 2352 hoo
485 2286 597 2366 vadio;
621 2285 732 2353 debuit
746 2304 819 2351 eum
834 2285 980 2367 excipere
1002 2284 1049 2350 de
1069 2286 1233 2357 tabulis

40 2390 239 2457 terracin
261 2391 491 2474 Newburga
513 2395 571 2458 etc.
598 2391 712 2476 (Reliq.
736 2391 799 2458 tab.
825 2388 935 2473 citat).

146 2493 238 2560 1407.
273 2495 310 2560 11
331 2496 407 2562 villa
431 2495 600 2562 Cratonoss
620 2495 784 2561 Pohancze
807 2495 848 2561 de
869 2495 988 2562 ibidem
1010 2494 1156 2560 decessit.
1180 2495 1232 2561 Li-

41 2603 110 2664 tera
131 2599 387 2682 proclamationis
408 2601 442 2665 in
456 2600 632 2682 Nimburga
654 2650 661 2665 .
686 2649 693 2665 .
719 2651 725 2665 .
750 2599 844 2665 Slach
859 2600 899 2664 de
913 2598 1094 2666 Menilessie
1107 2599 1233 2666 nomine

40 2704 70 2770 J.
88 2703 129 2769 de
143 2702 320 2789 Hawranye
343 2705 483 2773 defendit
504 2705 699 2771 hereditates
713 2705 894 2788 praedictas
909 2709 982 2788 post
994 2704 1233 2770 Pohanczonem

41 2808 262 2891 proclamatus,
292 2810 411 2891 dicens,
442 2829 520 2898 eum
544 2809 662 2876 habere
684 2810 797 2875 melius
817 2808 876 2893 jus·
893 2828 988 2893 quam
1010 2808 1091 2874 dom.
1115 2827 1232 2890 regem,

42 2918 75 2978 et
96 2911 189 2978 offert
210 2925 282 2979 eum
303 2916 508 2998 probaturum
522 2914 595 2999 jure
610 2913 738 2980 obtento
760 2932 835 2996 per
856 2912 1026 3002 tabulas
1048 2912 1233 2978 Nimbur-

41 3035 200 3100 genses.
226 3019 329 3108 (Dsky
351 3018 511 3102 dvorshe.)

147 3226 278 3292 Plzeh.
305 3228 396 3294 1389.
431 3227 467 3292 In
488 3228 565 3294 villa
586 3227 748 3294 Dubnicze
769 3224 931 3292 Habartus
958 3225 1103 3291 decessit.
1127 3225 1235 3290 Litora

42 3331 299 3414 proclamationis
320 3333 354 3397 in
375 3331 524 3400 Pilznam.
548 3332 679 3400 Senema
693 3333 734 3397 de
751 3330 875 3413 dzigicz
889 3330 1015 3396 nomine
1035 3329 1174 3396 Jaroslai
1194 3330 1234 3395 de

42 3436 227 3503 Homberka
242 3436 426 3504 defenditX
447 3456 570 3504 marcas
593 3455 658 3519 arg.
682 3437 826 3503 obtentas
841 3453 899 3517 per
919 3434 1086 3501 tabulas
1109 3420 1235 3500 caude
1263 3509 1266 3521 ,

42 3540 271 3608 Planensis.
297 3543 401 3626 (Dslry
423 3540 583 3624 dvorske.)

148 3749 342 3816 Prdcheh.
389 3749 442 3816 Ca.
468 3750 560 3817 1318.
608 3749 808 3816 Camerarius
829 3748 1137 3834 Prachynensis
1161 3767 1233 3814 con-

44 3857 188 3938 queritur
210 3873 305 3938 super
326 3854 361 3919 B.
386 3854 426 3920 de
448 3851 577 3938 Straely.
602 3854 683 3941 (Rel.
706 3855 769 3922 tab.
795 3855 846 3920 cit.
872 3854 958 3939 132.)

147 4063 361 4148 Wodhany.
387 4064 479 4130 1318.
525 4063 742 4130 Hereditatem
763 4064 796 4130 in
814 4063 941 4128 Brnezi:
966 4061 1165 4128 Camerarius
1188 4062 1236 4126 de

43 4171 224 4236 Wodnan
246 4187 308 4234 11111
337 4169 557 4252 pronunciavit
586 4169 768 4234 citationem
789 4169 823 4233 in
845 4167 983 4233 secundo
1005 4167 1148 4246 termino,
1178 4165 1236 4230 sed

44 4275 237 4342 camerarius
259 4271 427 4356 Pragensis
450 4265 598 4353 11111111,Ι
617 4274 692 4355 quia
707 4272 917 4338 commissiset
938 4273 999 4338 sibi
1017 4270 1233 4356 pronunciare.

44 4379 214 4465 11111111.
240 4378 291 4444 aa.
317 4378 403 4462 177.)
