<?xml version="1.0" encoding="UTF-8"?>
<!DOCTYPE html PUBLIC "-//W3C//DTD XHTML 1.0 Transitional//EN"
    "http://www.w3.org/TR/xhtml1/DTD/xhtml1-transitional.dtd">
<html xmlns="http://www.w3.org/1999/xhtml" xml:lang="en" lang="en">
 <head>
  <title>
</title>
<meta http-equiv="Content-Type" content="text/html;charset=utf-8" />
  <meta name='ocr-system' content='tesseract 3.04.00' />
  <meta name='ocr-capabilities' content='ocr_page ocr_carea ocr_par ocr_line ocrx_word'/>
</head>
<body>
  <div class='ocr_page' id='page_1' title='image "./codexjurisbohem02kingoog_0185.png"; bbox 0 0 3225 5017; ppageno 0'>
   <div class='ocr_carea' id='block_1_1' title="bbox 408 327 1310 407">
    <p class='ocr_par' dir='ltr' id='par_1_1' title="bbox 408 327 1310 407">
     <span class='ocr_line' id='line_1_1' title="bbox 408 327 1310 407; baseline -0.003 -25"><span class='ocrx_word' id='word_1_1' title='bbox 408 327 483 402; x_wconf 62' lang='lat' dir='ltr'>,Oap</span> <span class='ocrx_word' id='word_1_2' title='bbox 500 329 559 386; x_wconf 87' lang='lat' dir='ltr'>VII.</span> <span class='ocrx_word' id='word_1_3' title='bbox 579 329 708 386; x_wconf 77' lang='lat' dir='ltr'>Civitates</span> <span class='ocrx_word' id='word_1_4' title='bbox 728 336 755 384; x_wconf 91' lang='lat' dir='ltr'>et</span> <span class='ocrx_word' id='word_1_5' title='bbox 768 329 817 402; x_wconf 88' lang='lat' dir='ltr'>jus</span> <span class='ocrx_word' id='word_1_6' title='bbox 834 329 1008 402; x_wconf 81' lang='lat' dir='ltr'>municipale.</span> <span class='ocrx_word' id='word_1_7' title='bbox 1213 400 1216 407; x_wconf 24' lang='grc' dir='ltr'>ι</span> <span class='ocrx_word' id='word_1_8' title='bbox 1260 332 1310 380; x_wconf 79' lang='grc'>175</span> 
     </span>
    </p>
   </div>
   <div class='ocr_carea' id='block_1_2' title="bbox 121 521 1312 918">
    <p class='ocr_par' dir='ltr' id='par_1_2' title="bbox 121 521 1312 918">
     <span class='ocr_line' id='line_1_2' title="bbox 223 521 1310 612; baseline -0.003 -24"><span class='ocrx_word' id='word_1_9' title='bbox 223 525 272 612; x_wconf 77' lang='grc'>10.</span> <span class='ocrx_word' id='word_1_10' title='bbox 296 523 466 589; x_wconf 88' lang='lat' dir='ltr'>Praeterea</span> <span class='ocrx_word' id='word_1_11' title='bbox 488 524 516 588; x_wconf 92' lang='lat' dir='ltr'>si</span> <span class='ocrx_word' id='word_1_12' title='bbox 538 523 660 606; x_wconf 90' lang='lat' dir='ltr'>aliquis</span> <span class='ocrx_word' id='word_1_13' title='bbox 685 543 724 588; x_wconf 86' lang='lat' dir='ltr'>er</span> <span class='ocrx_word' id='word_1_14' title='bbox 745 521 840 588; x_wconf 88' lang='lat' dir='ltr'>dictis</span> <span class='ocrx_word' id='word_1_15' title='bbox 869 521 1028 589; x_wconf 90' lang='lat' dir='ltr'>nobilibus</span> <span class='ocrx_word' id='word_1_16' title='bbox 1050 521 1217 605; x_wconf 85' lang='lat' dir='ltr'>terrigenis</span> <span class='ocrx_word' id='word_1_17' title='bbox 1240 522 1310 586; x_wconf 90' lang='lat' dir='ltr'>sine</span> 
     </span>
     <span class='ocr_line' id='line_1_3' title="bbox 121 627 1311 708; baseline 0.001 -17"><span class='ocrx_word' id='word_1_18' title='bbox 121 628 288 694; x_wconf 79' lang='lat' dir='ltr'>heredibus</span> <span class='ocrx_word' id='word_1_19' title='bbox 304 627 484 708; x_wconf 81' lang='lat' dir='ltr'>decesserit,</span> <span class='ocrx_word' id='word_1_20' title='bbox 503 627 618 693; x_wconf 92' lang='lat' dir='ltr'>debitis</span> <span class='ocrx_word' id='word_1_21' title='bbox 635 627 843 694; x_wconf 90' lang='lat' dir='ltr'>creditoribus</span> <span class='ocrx_word' id='word_1_22' title='bbox 859 627 927 695; x_wconf 90' lang='lat' dir='ltr'>suis</span> <span class='ocrx_word' id='word_1_23' title='bbox 941 646 1003 693; x_wconf 92' lang='lat' dir='ltr'>non</span> <span class='ocrx_word' id='word_1_24' title='bbox 1021 627 1150 694; x_wconf 89' lang='lat' dir='ltr'>solutis:</span> <span class='ocrx_word' id='word_1_25' title='bbox 1174 646 1213 692; x_wconf 87' lang='lat' dir='ltr'>ox</span> <span class='ocrx_word' id='word_1_26' title='bbox 1235 630 1311 692; x_wconf 86' lang='lat' dir='ltr'>tunc</span> 
     </span>
     <span class='ocr_line' id='line_1_4' title="bbox 121 731 1312 824; baseline 0 -27"><span class='ocrx_word' id='word_1_27' title='bbox 121 734 178 824; x_wconf 24' lang='lat' dir='ltr'>ille·</span> <span class='ocrx_word' id='word_1_28' title='bbox 194 734 245 800; x_wconf 90' lang='lat' dir='ltr'>vel</span> <span class='ocrx_word' id='word_1_29' title='bbox 266 733 323 812; x_wconf 87' lang='lat' dir='ltr'>illi,</span> <span class='ocrx_word' id='word_1_30' title='bbox 346 733 400 816; x_wconf 89' lang='lat' dir='ltr'>qui</span> <span class='ocrx_word' id='word_1_31' title='bbox 423 750 458 797; x_wconf 90' lang='lat' dir='ltr'>se</span> <span class='ocrx_word' id='word_1_32' title='bbox 480 733 521 796; x_wconf 90' lang='lat' dir='ltr'>de</span> <span class='ocrx_word' id='word_1_33' title='bbox 542 731 773 810; x_wconf 73' lang='lat' dir='ltr'>hereditatibus</span> <span class='ocrx_word' id='word_1_34' title='bbox 796 733 892 813; x_wconf 88' lang='lat' dir='ltr'>illius,</span> <span class='ocrx_word' id='word_1_35' title='bbox 923 734 978 814; x_wconf 92' lang='lat' dir='ltr'>qui</span> <span class='ocrx_word' id='word_1_36' title='bbox 1000 733 1147 814; x_wconf 80' lang='lat' dir='ltr'>decessit,</span> <span class='ocrx_word' id='word_1_37' title='bbox 1168 731 1312 797; x_wconf 90' lang='lat' dir='ltr'>intromi-</span> 
     </span>
     <span class='ocr_line' id='line_1_5' title="bbox 122 837 1101 918; baseline 0 -16"><span class='ocrx_word' id='word_1_38' title='bbox 122 841 237 918; x_wconf 90' lang='lat' dir='ltr'>serunt,</span> <span class='ocrx_word' id='word_1_39' title='bbox 261 837 369 905; x_wconf 88' lang='lat' dir='ltr'>debita</span> <span class='ocrx_word' id='word_1_40' title='bbox 390 838 484 904; x_wconf 80' lang='lat' dir='ltr'>dIctis</span> <span class='ocrx_word' id='word_1_41' title='bbox 507 837 715 910; x_wconf 87' lang='lat' dir='ltr'>creditoribus</span> <span class='ocrx_word' id='word_1_42' title='bbox 740 838 902 905; x_wconf 86' lang='lat' dir='ltr'>exsolvere</span> <span class='ocrx_word' id='word_1_43' title='bbox 923 841 1101 904; x_wconf 63' lang='lat' dir='ltr'>teneantur,</span> 
     </span>
    </p>
   </div>
   <div class='ocr_carea' id='block_1_3' title="bbox 117 958 1381 1462">
    <p class='ocr_par' dir='ltr' id='par_1_3' title="bbox 117 958 1381 1462">
     <span class='ocr_line' id='line_1_6' title="bbox 225 958 1313 1042; baseline -0.002 -18"><span class='ocrx_word' id='word_1_44' title='bbox 225 960 273 1025; x_wconf 87' lang='lat'>11.</span> <span class='ocrx_word' id='word_1_45' title='bbox 297 958 467 1026; x_wconf 87' lang='lat' dir='ltr'>Praeterea</span> <span class='ocrx_word' id='word_1_46' title='bbox 489 960 517 1024; x_wconf 90' lang='lat' dir='ltr'>si</span> <span class='ocrx_word' id='word_1_47' title='bbox 539 959 885 1042; x_wconf 73' lang='lat' dir='ltr'>aliquis‘camerarium</span> <span class='ocrx_word' id='word_1_48' title='bbox 907 958 1059 1024; x_wconf 88' lang='lat' dir='ltr'>Nostrum</span> <span class='ocrx_word' id='word_1_49' title='bbox 1080 958 1249 1041; x_wconf 87' lang='lat' dir='ltr'>rogaverit,</span> <span class='ocrx_word' id='word_1_50' title='bbox 1276 962 1313 1022; x_wconf 91' lang='lat' dir='ltr'>ut</span> 
     </span>
     <span class='ocr_line' id='line_1_7' title="bbox 121 1061 1312 1151; baseline -0.003 -21"><span class='ocrx_word' id='word_1_51' title='bbox 121 1067 181 1131; x_wconf 89' lang='lat' dir='ltr'>sibi</span> <span class='ocrx_word' id='word_1_52' title='bbox 211 1064 427 1130; x_wconf 82' lang='lat' dir='ltr'>adversarium</span> <span class='ocrx_word' id='word_1_53' title='bbox 456 1082 548 1130; x_wconf 89' lang='lat' dir='ltr'>suum</span> <span class='ocrx_word' id='word_1_54' title='bbox 579 1063 677 1130; x_wconf 87' lang='lat' dir='ltr'>citare</span> <span class='ocrx_word' id='word_1_55' title='bbox 698 1082 755 1151; x_wconf 90' lang='lat' dir='ltr'>pro</span> <span class='ocrx_word' id='word_1_56' title='bbox 777 1064 845 1129; x_wconf 89' lang='lat' dir='ltr'>suis</span> <span class='ocrx_word' id='word_1_57' title='bbox 872 1063 977 1129; x_wconf 90' lang='lat' dir='ltr'>causis</span> <span class='ocrx_word' id='word_1_58' title='bbox 999 1062 1114 1130; x_wconf 88' lang='lat' dir='ltr'>debeat</span> <span class='ocrx_word' id='word_1_59' title='bbox 1142 1066 1175 1128; x_wconf 90' lang='lat' dir='ltr'>et</span> <span class='ocrx_word' id='word_1_60' title='bbox 1205 1061 1312 1127; x_wconf 85' lang='lat' dir='ltr'>facere</span> 
     </span>
     <span class='ocr_line' id='line_1_8' title="bbox 117 1167 1312 1254; baseline -0.003 -20"><span class='ocrx_word' id='word_1_61' title='bbox 117 1170 279 1254; x_wconf 89' lang='lat' dir='ltr'>justiciam</span> <span class='ocrx_word' id='word_1_62' title='bbox 301 1169 340 1234; x_wconf 91' lang='lat' dir='ltr'>de</span> <span class='ocrx_word' id='word_1_63' title='bbox 364 1169 484 1250; x_wconf 89' lang='lat' dir='ltr'>eodem,</span> <span class='ocrx_word' id='word_1_64' title='bbox 509 1170 537 1234; x_wconf 91' lang='lat' dir='ltr'>si</span> <span class='ocrx_word' id='word_1_65' title='bbox 559 1169 622 1252; x_wconf 90' lang='lat' dir='ltr'>ipsi</span> <span class='ocrx_word' id='word_1_66' title='bbox 646 1167 707 1236; x_wconf 93' lang='lat' dir='ltr'>civi</span> <span class='ocrx_word' id='word_1_67' title='bbox 731 1169 842 1235; x_wconf 84' lang='lat' dir='ltr'>citanti</span> <span class='ocrx_word' id='word_1_68' title='bbox 865 1187 928 1234; x_wconf 89' lang='lat' dir='ltr'>non</span> <span class='ocrx_word' id='word_1_69' title='bbox 949 1168 1011 1234; x_wconf 87' lang='lat' dir='ltr'>fuit</span> <span class='ocrx_word' id='word_1_70' title='bbox 1031 1169 1122 1251; x_wconf 89' lang='lat' dir='ltr'>prius</span> <span class='ocrx_word' id='word_1_71' title='bbox 1140 1169 1194 1252; x_wconf 79' lang='lat' dir='ltr'>Jus</span> <span class='ocrx_word' id='word_1_72' title='bbox 1217 1167 1312 1231; x_wconf 89' lang='lat' dir='ltr'>dene-</span> 
     </span>
     <span class='ocr_line' id='line_1_9' title="bbox 121 1267 1313 1357; baseline -0.004 -17"><span class='ocrx_word' id='word_1_73' title='bbox 121 1279 229 1356; x_wconf 87' lang='lat' dir='ltr'>gatum</span> <span class='ocrx_word' id='word_1_74' title='bbox 244 1267 266 1339; x_wconf 89' lang='lat' dir='ltr'>a</span> <span class='ocrx_word' id='word_1_75' title='bbox 279 1291 336 1340; x_wconf 90' lang='lat' dir='ltr'>suo</span> <span class='ocrx_word' id='word_1_76' title='bbox 354 1274 464 1357; x_wconf 85' lang='lat' dir='ltr'>judice</span> <span class='ocrx_word' id='word_1_77' title='bbox 487 1278 520 1339; x_wconf 87' lang='lat' dir='ltr'>et</span> <span class='ocrx_word' id='word_1_78' title='bbox 534 1273 670 1357; x_wconf 88' lang='lat' dir='ltr'>juratis:</span> <span class='ocrx_word' id='word_1_79' title='bbox 694 1293 732 1339; x_wconf 89' lang='lat' dir='ltr'>ex</span> <span class='ocrx_word' id='word_1_80' title='bbox 747 1277 823 1340; x_wconf 91' lang='lat' dir='ltr'>tuno</span> <span class='ocrx_word' id='word_1_81' title='bbox 838 1275 993 1354; x_wconf 90' lang='lat' dir='ltr'>volumus,</span> <span class='ocrx_word' id='word_1_82' title='bbox 1017 1272 1102 1357; x_wconf 88' lang='lat' dir='ltr'>quod</span> <span class='ocrx_word' id='word_1_83' title='bbox 1118 1272 1196 1340; x_wconf 89' lang='lat' dir='ltr'>civis</span> <span class='ocrx_word' id='word_1_84' title='bbox 1212 1273 1313 1337; x_wconf 87' lang='lat' dir='ltr'>citans</span> 
     </span>
     <span class='ocr_line' id='line_1_10' title="bbox 117 1377 1381 1462; baseline -0.002 -19"><span class='ocrx_word' id='word_1_85' title='bbox 117 1380 169 1462; x_wconf 90' lang='lat' dir='ltr'>jus</span> <span class='ocrx_word' id='word_1_86' title='bbox 194 1398 286 1445; x_wconf 90' lang='lat' dir='ltr'>suum</span> <span class='ocrx_word' id='word_1_87' title='bbox 309 1378 424 1446; x_wconf 90' lang='lat' dir='ltr'>debeat</span> <span class='ocrx_word' id='word_1_88' title='bbox 446 1377 632 1462; x_wconf 79' lang='lat' dir='ltr'>perdidisse.</span> <span class='ocrx_word' id='word_1_89' title='bbox 1379 1381 1381 1386; x_wconf 80' lang='grc'>’</span> 
     </span>
    </p>
   </div>
   <div class='ocr_carea' id='block_1_4' title="bbox 120 1497 1358 1893">
    <p class='ocr_par' dir='ltr' id='par_1_4' title="bbox 120 1497 1358 1893">
     <span class='ocr_line' id='line_1_11' title="bbox 227 1497 1358 1582; baseline 0.002 -21"><span class='ocrx_word' id='word_1_90' title='bbox 227 1498 276 1564; x_wconf 86' lang='grc'>12.</span> <span class='ocrx_word' id='word_1_91' title='bbox 300 1498 381 1564; x_wconf 87' lang='lat' dir='ltr'>Item</span> <span class='ocrx_word' id='word_1_92' title='bbox 410 1500 566 1579; x_wconf 91' lang='lat' dir='ltr'>volumus,</span> <span class='ocrx_word' id='word_1_93' title='bbox 596 1503 633 1564; x_wconf 90' lang='lat' dir='ltr'>ut</span> <span class='ocrx_word' id='word_1_94' title='bbox 661 1497 794 1582; x_wconf 89' lang='lat' dir='ltr'>lapides,</span> <span class='ocrx_word' id='word_1_95' title='bbox 829 1517 868 1562; x_wconf 87' lang='grc'>111</span> <span class='ocrx_word' id='word_1_96' title='bbox 897 1499 1013 1580; x_wconf 88' lang='lat' dir='ltr'>quibus</span> <span class='ocrx_word' id='word_1_97' title='bbox 1043 1497 1236 1565; x_wconf 85' lang='lat' dir='ltr'>comburitur</span> <span class='ocrx_word' id='word_1_98' title='bbox 1270 1499 1314 1563; x_wconf 91' lang='lat' dir='ltr'>ci·</span> <span class='ocrx_word' id='word_1_99' title='bbox 1357 1560 1358 1563; x_wconf 74' lang='grc'>,</span> 
     </span>
     <span class='ocr_line' id='line_1_12' title="bbox 120 1595 1314 1685; baseline 0.001 -18"><span class='ocrx_word' id='word_1_100' title='bbox 120 1603 276 1682; x_wconf 87' lang='lat' dir='ltr'>mentum,</span> <span class='ocrx_word' id='word_1_101' title='bbox 294 1607 328 1667; x_wconf 93' lang='lat' dir='ltr'>et</span> <span class='ocrx_word' id='word_1_102' title='bbox 348 1595 411 1667; x_wconf 64' lang='lat' dir='ltr'>alii&#39;</span> <span class='ocrx_word' id='word_1_103' title='bbox 425 1603 548 1685; x_wconf 88' lang='lat' dir='ltr'>lapides</span> <span class='ocrx_word' id='word_1_104' title='bbox 569 1601 741 1668; x_wconf 88' lang='lat' dir='ltr'>necessarii</span> <span class='ocrx_word' id='word_1_105' title='bbox 769 1602 811 1668; x_wconf 90' lang='lat' dir='ltr'>ad</span> <span class='ocrx_word' id='word_1_106' title='bbox 833 1603 942 1668; x_wconf 92' lang='lat' dir='ltr'>domos</span> <span class='ocrx_word' id='word_1_107' title='bbox 965 1604 998 1668; x_wconf 92' lang='lat' dir='ltr'>in</span> <span class='ocrx_word' id='word_1_108' title='bbox 1022 1603 1150 1668; x_wconf 90' lang='lat' dir='ltr'>civitate</span> <span class='ocrx_word' id='word_1_109' title='bbox 1172 1607 1262 1669; x_wconf 91' lang='lat' dir='ltr'>const</span> <span class='ocrx_word' id='word_1_110' title='bbox 1301 1640 1314 1651; x_wconf 94' lang='lat'><em>-</em></span> 
     </span>
     <span class='ocr_line' id='line_1_13' title="bbox 121 1706 1314 1791; baseline 0 -19"><span class='ocrx_word' id='word_1_111' title='bbox 121 1706 229 1787; x_wconf 90' lang='lat' dir='ltr'>endas,</span> <span class='ocrx_word' id='word_1_112' title='bbox 254 1710 287 1772; x_wconf 87' lang='lat' dir='ltr'>et</span> <span class='ocrx_word' id='word_1_113' title='bbox 308 1724 412 1788; x_wconf 89' lang='lat' dir='ltr'>arena,</span> <span class='ocrx_word' id='word_1_114' title='bbox 437 1708 557 1790; x_wconf 88' lang='lat' dir='ltr'>argilla,</span> <span class='ocrx_word' id='word_1_115' title='bbox 582 1710 759 1791; x_wconf 90' lang='lat' dir='ltr'>quaesunt</span> <span class='ocrx_word' id='word_1_116' title='bbox 787 1708 969 1774; x_wconf 88' lang='lat' dir='ltr'>necessaria</span> <span class='ocrx_word' id='word_1_117' title='bbox 998 1708 1040 1774; x_wconf 91' lang='lat' dir='ltr'>ad</span> <span class='ocrx_word' id='word_1_118' title='bbox 1069 1709 1224 1789; x_wconf 77' lang='lat' dir='ltr'>civitatee,</span> <span class='ocrx_word' id='word_1_119' title='bbox 1256 1708 1314 1772; x_wconf 86' lang='lat' dir='ltr'>du-</span> 
     </span>
     <span class='ocr_line' id='line_1_14' title="bbox 121 1810 1187 1893; baseline -0.001 -17"><span class='ocrx_word' id='word_1_120' title='bbox 121 1813 233 1876; x_wconf 89' lang='lat' dir='ltr'>cantur</span> <span class='ocrx_word' id='word_1_121' title='bbox 254 1810 479 1893; x_wconf 90' lang='lat' dir='ltr'>impedimento</span> <span class='ocrx_word' id='word_1_122' title='bbox 502 1811 644 1892; x_wconf 89' lang='lat' dir='ltr'>quolibet</span> <span class='ocrx_word' id='word_1_123' title='bbox 667 1829 729 1876; x_wconf 94' lang='lat' dir='ltr'>non</span> <span class='ocrx_word' id='word_1_124' title='bbox 752 1811 906 1877; x_wconf 88' lang='lat' dir='ltr'>obstante.</span> <span class='ocrx_word' id='word_1_125' title='bbox 1184 1813 1187 1817; x_wconf 86' lang='grc'><strong>’</strong></span> 
     </span>
    </p>
   </div>
   <div class='ocr_carea' id='block_1_5' title="bbox 117 1925 1318 2746">
    <p class='ocr_par' dir='ltr' id='par_1_5' title="bbox 120 1925 1316 2207">
     <span class='ocr_line' id='line_1_15' title="bbox 227 1925 1316 2015; baseline 0.001 -18"><span class='ocrx_word' id='word_1_126' title='bbox 227 1934 276 1998; x_wconf 87' lang='grc'>13.</span> <span class='ocrx_word' id='word_1_127' title='bbox 300 1932 381 1997; x_wconf 88' lang='lat' dir='ltr'>Item</span> <span class='ocrx_word' id='word_1_128' title='bbox 403 1935 557 2014; x_wconf 93' lang='lat' dir='ltr'>volumus,</span> <span class='ocrx_word' id='word_1_129' title='bbox 583 1938 618 1998; x_wconf 89' lang='lat' dir='ltr'>ut</span> <span class='ocrx_word' id='word_1_130' title='bbox 640 1951 659 1996; x_wconf 91' lang='lat' dir='ltr'>a</span> <span class='ocrx_word' id='word_1_131' title='bbox 681 1925 827 2015; x_wconf 87' lang='lat' dir='ltr'>qualibus</span> <span class='ocrx_word' id='word_1_132' title='bbox 850 1932 1006 1999; x_wconf 89' lang='lat' dir='ltr'>dictarum</span> <span class='ocrx_word' id='word_1_133' title='bbox 1022 1935 1186 2000; x_wconf 89' lang='lat' dir='ltr'>civitatum</span> <span class='ocrx_word' id='word_1_134' title='bbox 1208 1934 1249 1999; x_wconf 90' lang='lat' dir='ltr'>ad</span> <span class='ocrx_word' id='word_1_135' title='bbox 1268 1934 1316 1998; x_wconf 90' lang='lat' dir='ltr'>di-</span> 
     </span>
     <span class='ocr_line' id='line_1_16' title="bbox 121 2036 1316 2121; baseline 0.001 -19"><span class='ocrx_word' id='word_1_136' title='bbox 121 2037 276 2103; x_wconf 77' lang='lat' dir='ltr'>stantiam</span> <span class='ocrx_word' id='word_1_137' title='bbox 298 2038 392 2103; x_wconf 90' lang='lat' dir='ltr'>unius</span> <span class='ocrx_word' id='word_1_138' title='bbox 414 2038 546 2104; x_wconf 88' lang='lat' dir='ltr'>miliaris</span> <span class='ocrx_word' id='word_1_139' title='bbox 567 2038 655 2103; x_wconf 90' lang='lat' dir='ltr'>nulla</span> <span class='ocrx_word' id='word_1_140' title='bbox 676 2036 830 2103; x_wconf 89' lang='lat' dir='ltr'>thaboma</span> <span class='ocrx_word' id='word_1_141' title='bbox 860 2043 957 2121; x_wconf 89' lang='lat' dir='ltr'>atque</span> <span class='ocrx_word' id='word_1_142' title='bbox 979 2038 1091 2104; x_wconf 82' lang='lat' dir='ltr'>artifex</span> <span class='ocrx_word' id='word_1_143' title='bbox 1114 2039 1316 2106; x_wconf 89' lang='lat' dir='ltr'>mechanicus</span> 
     </span>
     <span class='ocr_line' id='line_1_17' title="bbox 120 2141 368 2207; baseline -0.004 -2"><span class='ocrx_word' id='word_1_144' title='bbox 120 2141 285 2207; x_wconf 88' lang='lat' dir='ltr'>habeatur.</span> <span class='ocrx_word' id='word_1_145' title='bbox 366 2162 368 2166; x_wconf 92' lang='lat'>·</span> 
     </span>
    </p>

    <p class='ocr_par' dir='ltr' id='par_1_6' title="bbox 117 2231 1318 2746">
     <span class='ocr_line' id='line_1_18' title="bbox 228 2231 1317 2330; baseline 0.001 -19"><span class='ocrx_word' id='word_1_146' title='bbox 228 2247 277 2312; x_wconf 88' lang='grc'><strong>14.</strong></span> <span class='ocrx_word' id='word_1_147' title='bbox 301 2245 471 2312; x_wconf 87' lang='grc' dir='ltr'><strong>Ρ11111111</strong></span> <span class='ocrx_word' id='word_1_148' title='bbox 492 2231 596 2312; x_wconf 80' lang='lat' dir='ltr'>om&#39;nia</span> <span class='ocrx_word' id='word_1_149' title='bbox 618 2247 794 2330; x_wconf 83' lang='lat' dir='ltr'>privilegIa,</span> <span class='ocrx_word' id='word_1_150' title='bbox 818 2247 992 2329; x_wconf 71' lang='lat' dir='ltr'>libertates</span> <span class='ocrx_word' id='word_1_151' title='bbox 1015 2247 1135 2330; x_wconf 79' lang='lat' dir='ltr'>gratias</span> <span class='ocrx_word' id='word_1_152' title='bbox 1158 2252 1191 2313; x_wconf 89' lang='lat' dir='ltr'>et</span> <span class='ocrx_word' id='word_1_153' title='bbox 1212 2248 1317 2313; x_wconf 90' lang='lat' dir='ltr'>omnia</span> 
     </span>
     <span class='ocr_line' id='line_1_19' title="bbox 117 2350 1316 2437; baseline 0.003 -24"><span class='ocrx_word' id='word_1_154' title='bbox 117 2351 193 2433; x_wconf 91' lang='lat' dir='ltr'>jura</span> <span class='ocrx_word' id='word_1_155' title='bbox 214 2351 247 2414; x_wconf 92' lang='lat' dir='ltr'>in</span> <span class='ocrx_word' id='word_1_156' title='bbox 271 2351 390 2415; x_wconf 89' lang='lat' dir='ltr'>eisdem</span> <span class='ocrx_word' id='word_1_157' title='bbox 412 2351 587 2433; x_wconf 90' lang='lat' dir='ltr'>privilegiis</span> <span class='ocrx_word' id='word_1_158' title='bbox 611 2355 757 2417; x_wconf 89' lang='lat' dir='ltr'>contenta</span> <span class='ocrx_word' id='word_1_159' title='bbox 787 2356 883 2435; x_wconf 91' lang='lat' dir='ltr'>atque</span> <span class='ocrx_word' id='word_1_160' title='bbox 905 2353 1032 2437; x_wconf 79' lang='lat' dir='ltr'>sompta,</span> <span class='ocrx_word' id='word_1_161' title='bbox 1056 2350 1316 2435; x_wconf 78' lang='lat' dir='ltr'>quae&#39;diotarum</span> 
     </span>
     <span class='ocr_line' id='line_1_20' title="bbox 122 2455 1318 2540; baseline 0.003 -22"><span class='ocrx_word' id='word_1_162' title='bbox 122 2455 288 2520; x_wconf 90' lang='lat' dir='ltr'>civitatum</span> <span class='ocrx_word' id='word_1_163' title='bbox 311 2457 395 2520; x_wconf 88' lang='lat' dir='ltr'>cives</span> <span class='ocrx_word' id='word_1_164' title='bbox 418 2455 458 2520; x_wconf 92' lang='lat' dir='ltr'>ab</span> <span class='ocrx_word' id='word_1_165' title='bbox 480 2455 657 2520; x_wconf 83' lang='lat' dir='ltr'>illustribus</span> <span class='ocrx_word' id='word_1_166' title='bbox 686 2457 894 2539; x_wconf 82' lang='lat' dir='ltr'>prinpribus,</span> <span class='ocrx_word' id='word_1_167' title='bbox 917 2458 1075 2540; x_wconf 90' lang='lat' dir='ltr'>quondam</span> <span class='ocrx_word' id='word_1_168' title='bbox 1097 2456 1247 2521; x_wconf 87' lang='lat' dir='ltr'>Boemiae</span> <span class='ocrx_word' id='word_1_169' title='bbox 1268 2475 1318 2522; x_wconf 89' lang='lat' dir='ltr'>re-</span> 
     </span>
     <span class='ocr_line' id='line_1_21' title="bbox 121 2559 1316 2642; baseline 0.002 -19"><span class='ocrx_word' id='word_1_170' title='bbox 121 2560 226 2640; x_wconf 83' lang='lat' dir='ltr'>gibus,</span> <span class='ocrx_word' id='word_1_171' title='bbox 250 2560 502 2625; x_wconf 86' lang='lat' dir='ltr'>antecessoribus</span> <span class='ocrx_word' id='word_1_172' title='bbox 525 2559 660 2640; x_wconf 88' lang='lat' dir='ltr'>Nostris,</span> <span class='ocrx_word' id='word_1_173' title='bbox 692 2562 811 2628; x_wconf 90' lang='lat' dir='ltr'>habent</span> <span class='ocrx_word' id='word_1_174' title='bbox 840 2566 873 2626; x_wconf 89' lang='lat' dir='ltr'>et</span> <span class='ocrx_word' id='word_1_175' title='bbox 894 2561 1012 2627; x_wconf 91' lang='lat' dir='ltr'>habere</span> <span class='ocrx_word' id='word_1_176' title='bbox 1034 2564 1215 2642; x_wconf 89' lang='lat' dir='ltr'>noscuntur,</span> <span class='ocrx_word' id='word_1_177' title='bbox 1246 2563 1316 2626; x_wconf 90' lang='lat' dir='ltr'>rata</span> 
     </span>
     <span class='ocr_line' id='line_1_22' title="bbox 122 2662 1056 2746; baseline 0.001 -18"><span class='ocrx_word' id='word_1_178' title='bbox 122 2666 154 2728; x_wconf 91' lang='lat' dir='ltr'>et</span> <span class='ocrx_word' id='word_1_179' title='bbox 177 2667 268 2746; x_wconf 84' lang='lat' dir='ltr'>grata</span> <span class='ocrx_word' id='word_1_180' title='bbox 289 2662 442 2729; x_wconf 92' lang='lat' dir='ltr'>habentes</span> <span class='ocrx_word' id='word_1_181' title='bbox 465 2664 609 2730; x_wconf 90' lang='lat' dir='ltr'>volumus</span> <span class='ocrx_word' id='word_1_182' title='bbox 631 2666 858 2732; x_wconf 89' lang='lat' dir='ltr'>inviolabiliter·</span> <span class='ocrx_word' id='word_1_183' title='bbox 880 2667 1056 2731; x_wconf 90' lang='lat' dir='ltr'>observare.</span> 
     </span>
    </p>
   </div>
   <div class='ocr_carea' id='block_1_6' title="bbox 120 2768 1321 3270">
    <p class='ocr_par' dir='ltr' id='par_1_7' title="bbox 120 2768 1321 3270">
     <span class='ocr_line' id='line_1_23' title="bbox 230 2768 1321 2868; baseline -0.001 -18"><span class='ocrx_word' id='word_1_184' title='bbox 230 2786 278 2852; x_wconf 82' lang='lat'>15.</span> <span class='ocrx_word' id='word_1_185' title='bbox 303 2785 384 2851; x_wconf 89' lang='lat' dir='ltr'>Item</span> <span class='ocrx_word' id='word_1_186' title='bbox 415 2787 536 2851; x_wconf 92' lang='lat' dir='ltr'>civibus</span> <span class='ocrx_word' id='word_1_187' title='bbox 572 2787 710 2852; x_wconf 90' lang='lat' dir='ltr'>civitatis</span> <span class='ocrx_word' id='word_1_188' title='bbox 741 2785 928 2851; x_wconf 86' lang='lat' dir='ltr'>Grecnensis</span> <span class='ocrx_word' id='word_1_189' title='bbox 962 2768 1097 2868; x_wconf 80' lang='lat' dir='ltr'>speciali</span> <span class='ocrx_word' id='word_1_190' title='bbox 1129 2786 1170 2850; x_wconf 91' lang='lat' dir='ltr'>de</span> <span class='ocrx_word' id='word_1_191' title='bbox 1209 2785 1321 2851; x_wconf 83' lang='lat' dir='ltr'>lavore</span> 
     </span>
     <span class='ocr_line' id='line_1_24' title="bbox 120 2888 1318 2973; baseline -0.001 -19"><span class='ocrx_word' id='word_1_192' title='bbox 120 2910 186 2972; x_wconf 93' lang='lat' dir='ltr'>quo</span> <span class='ocrx_word' id='word_1_193' title='bbox 209 2891 297 2973; x_wconf 88' lang='lat' dir='ltr'>ipsos</span> <span class='ocrx_word' id='word_1_194' title='bbox 320 2890 549 2972; x_wconf 88' lang='lat' dir='ltr'>amplectimur,</span> <span class='ocrx_word' id='word_1_195' title='bbox 581 2890 693 2956; x_wconf 91' lang='lat' dir='ltr'>silvam</span> <span class='ocrx_word' id='word_1_196' title='bbox 715 2894 788 2956; x_wconf 90' lang='lat' dir='ltr'>ante</span> <span class='ocrx_word' id='word_1_197' title='bbox 810 2889 896 2956; x_wconf 86' lang='lat' dir='ltr'>foras</span> <span class='ocrx_word' id='word_1_198' title='bbox 919 2889 1057 2956; x_wconf 89' lang='lat' dir='ltr'>civitatis</span> <span class='ocrx_word' id='word_1_199' title='bbox 1080 2888 1224 2954; x_wconf 90' lang='lat' dir='ltr'>eiusdem</span> <span class='ocrx_word' id='word_1_200' title='bbox 1246 2907 1318 2972; x_wconf 92' lang='lat' dir='ltr'>pro-</span> 
     </span>
     <span class='ocr_line' id='line_1_25' title="bbox 121 2994 1319 3078; baseline -0.003 -17"><span class='ocrx_word' id='word_1_201' title='bbox 121 2997 244 3077; x_wconf 89' lang='lat' dir='ltr'>pinque</span> <span class='ocrx_word' id='word_1_202' title='bbox 267 2995 472 3075; x_wconf 87' lang='lat' dir='ltr'>adr&#39;acentem,</span> <span class='ocrx_word' id='word_1_203' title='bbox 496 2999 708 3078; x_wconf 88' lang='lat' dir='ltr'>nuncupatam</span> <span class='ocrx_word' id='word_1_204' title='bbox 737 2995 912 3076; x_wconf 81' lang='lat' dir='ltr'>vulgariter</span> <span class='ocrx_word' id='word_1_205' title='bbox 932 2995 1092 3075; x_wconf 90' lang='lat' dir='ltr'>boronem,</span> <span class='ocrx_word' id='word_1_206' title='bbox 1124 3013 1196 3059; x_wconf 90' lang='lat' dir='ltr'>cum</span> <span class='ocrx_word' id='word_1_207' title='bbox 1221 2994 1319 3060; x_wconf 85' lang='lat' dir='ltr'>fundo</span> 
     </span>
     <span class='ocr_line' id='line_1_26' title="bbox 121 3098 1316 3183; baseline 0 -19"><span class='ocrx_word' id='word_1_208' title='bbox 121 3098 315 3164; x_wconf 89' lang='lat' dir='ltr'>contulimus</span> <span class='ocrx_word' id='word_1_209' title='bbox 347 3103 501 3183; x_wconf 88' lang='lat' dir='ltr'>perpetue</span> <span class='ocrx_word' id='word_1_210' title='bbox 535 3103 567 3164; x_wconf 90' lang='grc'>11</span> <span class='ocrx_word' id='word_1_211' title='bbox 598 3100 698 3166; x_wconf 89' lang='lat' dir='ltr'>libere</span> <span class='ocrx_word' id='word_1_212' title='bbox 730 3099 954 3183; x_wconf 89' lang='lat' dir='ltr'>possidendam</span> <span class='ocrx_word' id='word_1_213' title='bbox 988 3104 1089 3182; x_wconf 88' lang='lat' dir='ltr'>atque</span> <span class='ocrx_word' id='word_1_214' title='bbox 1112 3100 1145 3164; x_wconf 90' lang='lat' dir='ltr'>iu</span> <span class='ocrx_word' id='word_1_215' title='bbox 1174 3099 1316 3182; x_wconf 88' lang='lat' dir='ltr'>ipsorum</span> 
     </span>
     <span class='ocr_line' id='line_1_27' title="bbox 121 3203 490 3270; baseline 0.003 -3"><span class='ocrx_word' id='word_1_216' title='bbox 121 3221 203 3268; x_wconf 88' lang='lat' dir='ltr'>usus</span> <span class='ocrx_word' id='word_1_217' title='bbox 227 3203 490 3270; x_wconf 89' lang='lat' dir='ltr'>committendam.</span> 
     </span>
    </p>
   </div>
   <div class='ocr_carea' id='block_1_7' title="bbox 122 3325 1319 3618">
    <p class='ocr_par' dir='ltr' id='par_1_8' title="bbox 122 3325 1319 3618">
     <span class='ocr_line' id='line_1_28' title="bbox 232 3325 1318 3410; baseline -0.002 -20"><span class='ocrx_word' id='word_1_218' title='bbox 232 3326 280 3391; x_wconf 89' lang='lat'>16.</span> <span class='ocrx_word' id='word_1_219' title='bbox 304 3326 385 3392; x_wconf 90' lang='lat' dir='ltr'>Item</span> <span class='ocrx_word' id='word_1_220' title='bbox 414 3327 558 3393; x_wconf 92' lang='lat' dir='ltr'>volumus</span> <span class='ocrx_word' id='word_1_221' title='bbox 580 3330 613 3392; x_wconf 90' lang='lat' dir='ltr'>et</span> <span class='ocrx_word' id='word_1_222' title='bbox 634 3327 857 3410; x_wconf 88' lang='lat' dir='ltr'>permittimus,</span> <span class='ocrx_word' id='word_1_223' title='bbox 888 3326 979 3391; x_wconf 92' lang='lat' dir='ltr'>utin</span> <span class='ocrx_word' id='word_1_224' title='bbox 1000 3325 1164 3407; x_wconf 89' lang='lat' dir='ltr'>praedicta</span> <span class='ocrx_word' id='word_1_225' title='bbox 1187 3325 1318 3389; x_wconf 86' lang='lat' dir='ltr'>ciuitate</span> 
     </span>
     <span class='ocr_line' id='line_1_29' title="bbox 123 3429 1319 3514; baseline -0.002 -19"><span class='ocrx_word' id='word_1_226' title='bbox 123 3431 166 3495; x_wconf 86' lang='grc'>111</span> <span class='ocrx_word' id='word_1_227' title='bbox 191 3433 225 3494; x_wconf 89' lang='grc'>11</span> <span class='ocrx_word' id='word_1_228' title='bbox 246 3447 317 3495; x_wconf 84' lang='grc'><strong>1111</strong></span> <span class='ocrx_word' id='word_1_229' title='bbox 340 3430 455 3496; x_wconf 89' lang='lat' dir='ltr'>debeat</span> <span class='ocrx_word' id='word_1_230' title='bbox 477 3430 638 3514; x_wconf 90' lang='lat' dir='ltr'>deposicio</span> <span class='ocrx_word' id='word_1_231' title='bbox 659 3432 693 3497; x_wconf 92' lang='lat' dir='ltr'>in</span> <span class='ocrx_word' id='word_1_232' title='bbox 716 3431 928 3497; x_wconf 89' lang='lat' dir='ltr'>mercimoniis</span> <span class='ocrx_word' id='word_1_233' title='bbox 959 3433 991 3496; x_wconf 89' lang='lat' dir='ltr'>et</span> <span class='ocrx_word' id='word_1_234' title='bbox 1015 3429 1088 3496; x_wconf 90' lang='lat' dir='ltr'>aliis</span> <span class='ocrx_word' id='word_1_235' title='bbox 1109 3430 1213 3510; x_wconf 91' lang='lat' dir='ltr'>rebus,</span> <span class='ocrx_word' id='word_1_236' title='bbox 1237 3447 1319 3512; x_wconf 91' lang='lat' dir='ltr'>quae</span> 
     </span>
     <span class='ocr_line' id='line_1_30' title="bbox 122 3533 649 3618; baseline 0.004 -20"><span class='ocrx_word' id='word_1_237' title='bbox 122 3533 244 3599; x_wconf 90' lang='lat' dir='ltr'>dicitur</span> <span class='ocrx_word' id='word_1_238' title='bbox 264 3535 438 3615; x_wconf 87' lang='lat' dir='ltr'>vulgariter</span> <span class='ocrx_word' id='word_1_239' title='bbox 458 3535 649 3618; x_wconf 89' lang='lat' dir='ltr'>niederlage.</span> 
     </span>
    </p>
   </div>
   <div class='ocr_carea' id='block_1_8' title="bbox 123 3654 1321 4262">
    <p class='ocr_par' dir='ltr' id='par_1_9' title="bbox 123 3654 1321 4262">
     <span class='ocr_line' id='line_1_31' title="bbox 233 3654 1320 3741; baseline 0.002 -23"><span class='ocrx_word' id='word_1_240' title='bbox 233 3654 281 3720; x_wconf 80' lang='lat'>17.</span> <span class='ocrx_word' id='word_1_241' title='bbox 305 3654 475 3723; x_wconf 88' lang='lat' dir='ltr'>Praeterea</span> <span class='ocrx_word' id='word_1_242' title='bbox 493 3658 638 3725; x_wconf 92' lang='lat' dir='ltr'>volumus</span> <span class='ocrx_word' id='word_1_243' title='bbox 661 3661 694 3723; x_wconf 89' lang='lat' dir='ltr'>et</span> <span class='ocrx_word' id='word_1_244' title='bbox 714 3659 928 3741; x_wconf 88' lang='lat' dir='ltr'>permittimus</span> <span class='ocrx_word' id='word_1_245' title='bbox 949 3657 983 3722; x_wconf 91' lang='lat' dir='ltr'>in</span> <span class='ocrx_word' id='word_1_246' title='bbox 1003 3656 1168 3740; x_wconf 88' lang='lat' dir='ltr'>praedicta</span> <span class='ocrx_word' id='word_1_247' title='bbox 1190 3654 1320 3720; x_wconf 82' lang='lat' dir='ltr'>ciuitate</span> 
     </span>
     <span class='ocr_line' id='line_1_32' title="bbox 123 3758 1320 3843; baseline -0.001 -19"><span class='ocrx_word' id='word_1_248' title='bbox 123 3759 227 3824; x_wconf 83' lang='lat' dir='ltr'>Grecn</span> <span class='ocrx_word' id='word_1_249' title='bbox 243 3759 378 3826; x_wconf 90' lang='lat' dir='ltr'>annuale</span> <span class='ocrx_word' id='word_1_250' title='bbox 392 3758 495 3826; x_wconf 90' lang='lat' dir='ltr'>forum</span> <span class='ocrx_word' id='word_1_251' title='bbox 516 3761 549 3826; x_wconf 90' lang='lat' dir='ltr'>in</span> <span class='ocrx_word' id='word_1_252' title='bbox 571 3761 738 3827; x_wconf 88' lang='lat' dir='ltr'>nativitate</span> <span class='ocrx_word' id='word_1_253' title='bbox 759 3762 872 3828; x_wconf 89' lang='lat' dir='ltr'>beatae</span> <span class='ocrx_word' id='word_1_254' title='bbox 895 3762 997 3828; x_wconf 82' lang='lat' dir='ltr'>Marte</span> <span class='ocrx_word' id='word_1_255' title='bbox 1018 3760 1159 3843; x_wconf 83' lang='lat' dir='ltr'>Virginis</span> <span class='ocrx_word' id='word_1_256' title='bbox 1186 3760 1320 3826; x_wconf 89' lang='lat' dir='ltr'>liberum</span> 
     </span>
     <span class='ocr_line' id='line_1_33' title="bbox 123 3864 1319 3948; baseline 0 -20"><span class='ocrx_word' id='word_1_257' title='bbox 123 3883 184 3944; x_wconf 91' lang='lat' dir='ltr'>per</span> <span class='ocrx_word' id='word_1_258' title='bbox 198 3864 437 3944; x_wconf 85' lang='lat' dir='ltr'>qrratuordecim</span> <span class='ocrx_word' id='word_1_259' title='bbox 453 3865 530 3932; x_wconf 84' lang='lat' dir='ltr'>dies</span> <span class='ocrx_word' id='word_1_260' title='bbox 553 3865 680 3945; x_wconf 88' lang='lat' dir='ltr'>Omnes,</span> <span class='ocrx_word' id='word_1_261' title='bbox 697 3866 751 3948; x_wconf 91' lang='lat' dir='ltr'>qui</span> <span class='ocrx_word' id='word_1_262' title='bbox 766 3865 843 3930; x_wconf 89' lang='lat' dir='ltr'>illuc</span> <span class='ocrx_word' id='word_1_263' title='bbox 858 3869 1060 3932; x_wconf 88' lang='lat' dir='ltr'>transeuntes</span> <span class='ocrx_word' id='word_1_264' title='bbox 1076 3883 1147 3929; x_wconf 91' lang='lat' dir='ltr'>cum</span> <span class='ocrx_word' id='word_1_265' title='bbox 1161 3864 1319 3930; x_wconf 91' lang='lat' dir='ltr'>mercibus</span> 
     </span>
     <span class='ocr_line' id='line_1_34' title="bbox 124 3968 1321 4053; baseline -0.002 -20"><span class='ocrx_word' id='word_1_266' title='bbox 124 3968 366 4050; x_wconf 88' lang='lat' dir='ltr'>quibuscunque</span> <span class='ocrx_word' id='word_1_267' title='bbox 387 3970 548 4051; x_wconf 87' lang='lat' dir='ltr'>perbona</span> <span class='ocrx_word' id='word_1_268' title='bbox 569 3971 658 4053; x_wconf 88' lang='lat' dir='ltr'>regia</span> <span class='ocrx_word' id='word_1_269' title='bbox 681 3974 713 4034; x_wconf 88' lang='grc'>11</span> <span class='ocrx_word' id='word_1_270' title='bbox 736 3970 891 4035; x_wconf 91' lang='lat' dir='ltr'>nobiIium</span> <span class='ocrx_word' id='word_1_271' title='bbox 914 3971 982 4035; x_wconf 90' lang='lat' dir='ltr'>sine</span> <span class='ocrx_word' id='word_1_272' title='bbox 1000 3969 1146 4035; x_wconf 91' lang='lat' dir='ltr'>theloneo</span> <span class='ocrx_word' id='word_1_273' title='bbox 1168 3968 1202 4034; x_wconf 93' lang='lat' dir='ltr'>in</span> <span class='ocrx_word' id='word_1_274' title='bbox 1215 3968 1321 4033; x_wconf 91' lang='lat' dir='ltr'>reditu</span> 
     </span>
     <span class='ocr_line' id='line_1_35' title="bbox 124 4071 1320 4156; baseline 0.001 -21"><span class='ocrx_word' id='word_1_275' title='bbox 124 4077 157 4136; x_wconf 90' lang='lat' dir='ltr'>et</span> <span class='ocrx_word' id='word_1_276' title='bbox 181 4071 268 4135; x_wconf 85' lang='grc'><strong>1111111</strong></span> <span class='ocrx_word' id='word_1_277' title='bbox 290 4072 425 4137; x_wconf 89' lang='lat' dir='ltr'>transire</span> <span class='ocrx_word' id='word_1_278' title='bbox 446 4091 505 4155; x_wconf 91' lang='lat' dir='ltr'>per</span> <span class='ocrx_word' id='word_1_279' title='bbox 525 4073 584 4139; x_wconf 91' lang='lat' dir='ltr'>lros</span> <span class='ocrx_word' id='word_1_280' title='bbox 606 4072 847 4156; x_wconf 90' lang='lat' dir='ltr'>quatuordecim</span> <span class='ocrx_word' id='word_1_281' title='bbox 866 4073 935 4140; x_wconf 89' lang='lat' dir='ltr'>dies</span> <span class='ocrx_word' id='word_1_282' title='bbox 949 4074 1049 4139; x_wconf 89' lang='lat' dir='ltr'>libere</span> <span class='ocrx_word' id='word_1_283' title='bbox 1072 4072 1198 4154; x_wconf 89' lang='lat' dir='ltr'>debent,</span> <span class='ocrx_word' id='word_1_284' title='bbox 1220 4073 1320 4156; x_wconf 90' lang='lat' dir='ltr'>impe-</span> 
     </span>
     <span class='ocr_line' id='line_1_36' title="bbox 123 4175 1319 4262; baseline 0.003 -24"><span class='ocrx_word' id='word_1_285' title='bbox 123 4175 266 4240; x_wconf 91' lang='lat' dir='ltr'>dimento</span> <span class='ocrx_word' id='word_1_286' title='bbox 288 4175 429 4257; x_wconf 90' lang='lat' dir='ltr'>quolibet</span> <span class='ocrx_word' id='word_1_287' title='bbox 450 4177 560 4259; x_wconf 92' lang='lat' dir='ltr'>procul</span> <span class='ocrx_word' id='word_1_288' title='bbox 589 4181 682 4243; x_wconf 92' lang='lat' dir='ltr'>moto.</span> <span class='ocrx_word' id='word_1_289' title='bbox 717 4177 852 4260; x_wconf 89' lang='lat' dir='ltr'>Insuper</span> <span class='ocrx_word' id='word_1_290' title='bbox 872 4177 1044 4262; x_wconf 89' lang='lat' dir='ltr'>praedictis</span> <span class='ocrx_word' id='word_1_291' title='bbox 1067 4178 1189 4245; x_wconf 89' lang='lat' dir='ltr'>civibus</span> <span class='ocrx_word' id='word_1_292' title='bbox 1212 4177 1319 4241; x_wconf 91' lang='lat' dir='ltr'>indul·</span> 
     </span>
    </p>
   </div>
   <div class='ocr_carea' id='block_1_9' title="bbox 124 4278 1320 4447">
    <p class='ocr_par' dir='ltr' id='par_1_10' title="bbox 124 4278 1320 4447">
     <span class='ocr_line' id='line_1_37' title="bbox 124 4278 1320 4364; baseline 0.002 -20"><span class='ocrx_word' id='word_1_293' title='bbox 124 4296 248 4359; x_wconf 85' lang='lat' dir='ltr'>gemus,</span> <span class='ocrx_word' id='word_1_294' title='bbox 271 4278 356 4361; x_wconf 92' lang='lat' dir='ltr'>quod</span> <span class='ocrx_word' id='word_1_295' title='bbox 376 4279 457 4344; x_wconf 91' lang='lat' dir='ltr'>libra</span> <span class='ocrx_word' id='word_1_296' title='bbox 477 4278 599 4362; x_wconf 89' lang='lat' dir='ltr'>plumbi</span> <span class='ocrx_word' id='word_1_297' title='bbox 620 4281 653 4345; x_wconf 91' lang='lat' dir='ltr'>in</span> <span class='ocrx_word' id='word_1_298' title='bbox 675 4279 804 4350; x_wconf 86' lang='lat' dir='ltr'>civitate</span> <span class='ocrx_word' id='word_1_299' title='bbox 827 4282 947 4348; x_wconf 91' lang='lat' dir='ltr'>suade</span> <span class='ocrx_word' id='word_1_300' title='bbox 971 4286 1075 4347; x_wconf 91' lang='lat' dir='ltr'>cetero</span> <span class='ocrx_word' id='word_1_301' title='bbox 1105 4281 1265 4364; x_wconf 87' lang='lat' dir='ltr'>gaudeant</span> <span class='ocrx_word' id='word_1_302' title='bbox 1287 4285 1320 4347; x_wconf 88' lang='lat' dir='ltr'>et</span> 
     </span>
     <span class='ocr_line' id='line_1_38' title="bbox 125 4386 265 4447; baseline 0.007 -1"><span class='ocrx_word' id='word_1_303' title='bbox 125 4386 265 4447; x_wconf 92' lang='lat' dir='ltr'>utantur.</span> 
     </span>
    </p>
   </div>
   <div class='ocr_carea' id='block_1_10' title="bbox 0 0 1627 5017">
    <p class='ocr_par' dir='ltr' id='par_1_11' title="bbox 0 0 1627 5017">
     <span class='ocr_line' id='line_1_39' title="bbox 0 0 1627 5017; baseline 0 0"><span class='ocrx_word' id='word_1_304' title='bbox 0 0 1627 5017; x_wconf 95' lang='lat' dir='ltr'> </span> 
     </span>
    </p>
   </div>
  </div>
 </body>
</html>
