3225 5017
567 343 631 413 Cup.
650 343 697 398 IX.
715 344 895 402 Universitus.
1275 356 1326 403 275

131 555 203 600 oum
226 535 441 604 Universitate
471 539 617 620 tenuerit,
640 538 782 604 notarius
798 556 834 604 se
852 555 977 623 semper
998 544 1226 623 repraesentet,
1248 547 1322 624 post

129 645 287 708 reatorem
308 648 490 710 reverenter
511 645 718 727 procedendo.

32 799 33 806 ,
233 747 323 829 Item,
348 749 375 815 si
396 752 501 814 reotor
523 768 594 814 oum
615 748 832 816 Universitate
864 748 916 815 vel
946 750 1041 814 certis
1070 750 1213 832 personis
1243 750 1322 816 Uni·

29 839 34 932 l
127 852 292 918 versitatis
315 854 356 918 ad
378 854 532 938 palatium
554 855 649 938 regie,
684 854 923 938 archiepiscopi,
954 855 1005 920 vel
1021 854 1220 921 scabinorum
1250 873 1323 921 oen-

127 957 237 1023 silium
259 958 378 1026 iutrare
401 958 555 1042 debuerit,
586 961 629 1026 sit
657 960 799 1026 notarius
830 977 955 1042 semper
979 977 1140 1042 praesens,
1174 962 1325 1045 ipsosque
1396 951 1399 957 “

31 1127 33 1132 ,
126 1063 308 1147 praecedat

232 1167 323 1249 Item,
346 1169 464 1250 literas,
490 1188 694 1254 quascunque
714 1169 915 1235 Universitas
931 1169 1049 1251 diriget
1063 1169 1105 1236 erl
1120 1188 1325 1252 quoscunque

124 1272 287 1356 principes
310 1273 361 1339 vel
376 1292 537 1357 personas,
554 1276 623 1358 ipse
638 1275 779 1340 notarius
794 1274 829 1340 in
843 1291 905 1340 uno
920 1273 1001 1340 libro
1018 1275 1151 1358 speciali
1165 1275 1322 1359 registret,

124 1380 296 1460 antequam
319 1379 506 1461 sigillentur,
534 1399 574 1445 ne
595 1380 629 1444 in
650 1383 814 1462 posterum
837 1395 943 1443 errare
965 1378 1135 1460 contingat,
1167 1380 1252 1460 quod
1280 1380 1323 1446 sit

122 1481 299 1563 sigillatum
320 1502 379 1567 per
400 1483 660 1553 Universitatem.

229 1585 318 1667 Item,
341 1588 483 1653 notarius
507 1606 564 1671 per
584 1591 686 1652 semet
700 1587 806 1668 ipsum
821 1591 967 1655 exerceat
982 1586 1121 1654 officium
1136 1607 1238 1669 suum,
1259 1589 1321 1654 nisi

30 1725 31 1730 =
119 1689 264 1771 legitime
285 1690 383 1756 fuerit
403 1692 583 1775 impeditus.

227 1794 414 1862 Addioimus
445 1815 581 1881 quoque,
618 1797 702 1881 quod
731 1796 875 1861 notarius
902 1793 1140 1877 Universitatis,
1170 1798 1321 1878 quamdiu

117 1899 278 1983 placuerit
299 1899 518 1982 Universitati,
548 1900 666 1968 habeat
690 1901 832 1985 quolibet
854 1917 935 1966 anno
958 1918 1019 1983 pro
1043 1917 1101 1964 suo
1132 1899 1247 1966 solario
1280 1903 1320 1968 ab

118 2003 338 2072 Universitate
356 2010 465 2070 nostra
489 2025 584 2071 unam
608 2023 796 2088 sexagenum
818 2022 1000 2087 grossorum
1024 2003 1247 2086 Pragensium,
1280 2005 1320 2071 fle

116 2109 338 2176 instrumentis
368 2114 475 2176 autem
509 2111 696 2192 scholarum,
730 2128 937 2194 quaeeunque
967 2109 1008 2173 de
1040 2107 1154 2189 viginti
1187 2106 1318 2175 florenis

117 2214 292 2295 extiterint,
317 2214 434 2283 habeat
455 2215 535 2280 duos
558 2233 694 2298 grossos,
725 2219 757 2280 et
787 2214 902 2280 abinde
932 2231 1033 2296 usque
1063 2213 1228 2294 sexaginta
1257 2211 1313 2278 flo-

115 2336 211 2383 renos
240 2319 358 2385 habeat
378 2339 436 2404 pro
465 2320 646 2405 hujusmodi
680 2321 890 2385 instrumento
918 2323 985 2384 tres
1018 2335 1163 2399 grossos3
1197 2317 1312 2383 abinde

115 2441 215 2506 snpra
246 2441 349 2507 usque
382 2425 423 2490 ad
453 2429 578 2492 eentum
607 2423 742 2492 florenos
775 2425 892 2490 habeat
924 2426 1060 2506 quatuor
1092 2439 1236 2504 gross0s3
1276 2423 1317 2489 de

115 2532 244 2594 eentum
256 2546 331 2594 vero
343 2526 469 2594 florenis
482 2529 599 2596 habeat
609 2517 750 2612 quinque
761 2546 905 2611 grossos3
922 2527 1037 2594 abinde
1052 2544 1149 2609 supra
1160 2545 1261 2609 usque
1273 2527 1314 2593 ad

114 2632 271 2698 ducentos
281 2631 415 2699 florenos
424 2635 560 2717 aooipiat
568 2652 623 2700 sex
632 2633 904 2718 grossos3abinde
916 2649 1077 2715 suprapro
1088 2631 1230 2714 quolibet
1239 2650 1311 2698 oen-

112 2738 237 2802 tenano
253 2735 332 2802 duos
343 2754 478 2819 grossos.
493 2775 536 2785 -
547 2739 637 2820 Item,
651 2756 708 2821 pro
721 2738 863 2821 quolibet
872 2737 1083 2803 instrumento
1096 2736 1264 2818 emptionis
1276 2736 1315 2802 li·

111 2842 243 2907 brorum
265 2842 430 2924 usquead
451 2842 721 2925 uigintioflorenos
743 2861 841 2907 unum
863 2859 1017 2924 grossum,
1041 2839 1187 2921 aviginti
1207 2858 1310 2924 usque

112 2946 154 3011 ad
185 2946 316 3027 triginta
344 2944 479 3013 florenos
509 2949 625 3014 habeat
647 2949 726 3013 duos
756 2965 892 3030 grossos,
926 2966 946 3013 a
976 2945 1108 3028 triginta
1136 2963 1239 3028 usque
1268 2944 1309 3010 ad

110 3050 324 3134 quadraginta
345 3050 461 3118 babeat
483 3057 548 3118 tres
571 3071 709 3135 grossos,
733 3071 752 3118 a
775 3039 985 3136 quadraginta
999 3068 1101 3132 usque
1123 3050 1164 3115 ad
1181 3053 1306 3116 eentum

110 3158 250 3239 quatuor
271 3173 407 3238 gnosum,
430 3157 471 3222 de
494 3161 620 3223 eentum
648 3156 788 3225 florenis.
804 3162 837 3222 et
868 3161 1144 3241 quantumcunque
1167 3155 1303 3220 ulterius

109 3259 273 3341 ascendat,
295 3259 412 3327 babeat
432 3281 489 3344 pro
513 3265 722 3331 instrumento
746 3263 914 3346 emptionis
940 3261 1080 3347 quinque
1104 3276 1239 3341 grossos.
1264 3297 1307 3307 -

109 3365 201 3449 Item,
239 3365 280 3430 de
302 3367 444 3448 quolibet
465 3369 673 3434 instrumento
703 3369 899 3435 liberationis
931 3366 983 3433 vel
1017 3364 1225 3431 absolutionis
1255 3383 1313 3429 seu

113 3469 301 3551 quitationis
334 3489 436 3555 usque
470 3473 511 3538 ad
546 3474 772 3557 quinquaginta
805 3472 940 3538 florenos
977 3469 1114 3552 accipiat
1150 3471 1216 3534 tres
1253 3488 1311 3552 gu,

107 3573 149 3638 de
187 3575 414 3658 quinquaginta
451 3596 556 3662 usque
593 3579 634 3644 ad
672 3584 799 3645 eentum
835 3580 970 3661 quatuor
1010 3593 1066 3655 gn,
1106 3572 1146 3638 do
1184 3575 1310 3638 eentum

106 3696 211 3761 usque
248 3678 290 3743 ad
327 3681 520 3762 quingentos
558 3701 613 3748 sex
649 3703 705 3766 gn,
744 3681 860 3749 abinde
893 3684 1170 3763 quantumcunque
1199 3694 1306 3760 sump-

106 3783 187 3848 serit
213 3784 384 3866 quantitas,
422 3805 481 3868 pro
518 3787 726 3854 instrumento
764 3805 821 3854 suo
857 3785 975 3852 habeat
1011 3787 1081 3848 outo
1107 3800 1171 3863 gr,
1210 3785 1243 3847 et
1282 3781 1309 3847 si

103 3888 214 3971 plures
237 3889 300 3954 sint
321 3889 451 3958 liberati
473 3893 525 3958 uel
548 3892 694 3975 absoluti,
717 3912 774 3977 pro
796 3891 938 3978 quolibet
959 3905 1078 3954 novem
1099 3902 1236 3968 grossos.
1266 3923 1310 3933 —

102 3993 166 4058 Pro
200 3995 400 4076 testamentis
440 4001 547 4062 autem
580 4017 682 4080 usque
715 3998 755 4064 ad
790 4001 916 4063 centum
945 3992 1079 4057 florenos
1111 3989 1221 4054 decem
1251 4009 1308 4072 gn,

107 4097 226 4162 deinde
260 4117 356 4181 supra
385 4104 663 4185 quantumcunque
685 4102 845 4184 ascendat,
869 4099 985 4166 habeat
1013 4094 1126 4177 viginti
1157 4113 1213 4176 gr,
1245 4095 1307 4161 nisi

106 4202 149 4267 de
170 4202 341 4269 voluntate
362 4206 525 4271 testatoris
547 4209 742 4290 procederet,
767 4206 852 4291 quod
874 4206 946 4289 plus
961 4203 1059 4268 daret
1083 4199 1198 4265 -De
1221 4200 1307 4266 eodi-

102 4306 187 4372 cillis
208 4311 326 4388 autem,
356 4310 384 4374 si
408 4308 529 4392 flerent,
554 4311 632 4376 duos
656 4313 782 4378 solidos.
809 4348 852 4359 -
875 4311 924 4375 De
947 4306 1088 4391 quolibet
1111 4307 1226 4386 autem,
1251 4307 1306 4388 (lui

103 4428 141 4477 se
164 4411 365 4478 constituerit
386 4433 442 4498 pro
466 4415 528 4482 alio
551 4434 652 4500 usque
678 4417 718 4484 ad
741 4421 866 4485 eentum
895 4412 1039 4491 florenos,
1069 4408 1188 4475 habeat
1223 4411 1302 4479 duos

1151 4515 1199 4570 1s*
