3225 5017
554 319 623 390 Gap..
637 320 684 374 ΙΧ,
702 320 881 375 Universitas.
1261 325 1311 375 253

122 524 274 601 tanquam
296 516 485 585 umversalis
499 515 657 582 Dominici
671 515 777 598 gregis
791 519 911 598 pastor,
934 515 1121 582 commissae
1134 514 1226 581 nobis
1241 531 1312 597 spe-

123 623 289 689 culationis
311 621 422 701 aciem,
447 624 598 704 quantum
620 620 711 688 nobis
733 621 852 686 exalto
871 620 1074 704 permittitur,
1097 618 1312 698 extendentes,

121 726 269 794 fidelibus
290 725 371 809 ipsis
393 726 434 792 ad
457 724 638 810 quaerenda
658 726 823 791 literarum
853 725 969 809 studia,
1002 745 1061 810 per
1092 744 1175 810 quae
1203 723 1313 790 Dirini
1345 782 1349 790 ,

122 831 270 900 Numinis
292 825 688 914 tantaequejcatnoscae
716 827 792 896 fidoi
823 832 927 898 cultus
948 833 1158 917 protenditur,
1184 828 1311 914 justitia

124 937 247 1019 colitur,
271 939 338 1002 tem
359 935 487 1019 publica
509 953 604 1019 quam
625 933 751 1017 privata
778 953 831 1001 res
853 935 975 1003 utiliter
996 937 1125 1020 geritur,
1148 935 1313 1019 omnisque

121 1041 319 1127 prosperitas
341 1040 498 1108 humanae
528 1038 716 1106 conditionis
745 1044 889 1124 augetur,
920 1043 1076 1126 gratiosos
1104 1042 1240 1109 libenter
1267 1039 1313 1105 f-

121 1166 214 1217 vores
228 1145 440 1232 impendimus
455 1151 489 1214 et
502 1149 700 1231 opportunae
715 1147 946 1214 commoditatis
965 1147 1084 1214 auxilia
1105 1145 1311 1230 impertimur.

223 1252 335 1339 Nuper
356 1253 515 1339 siquidem
535 1238 687 1338 exparte
708 1253 887 1320 charissimi
907 1252 942 1320 in
972 1251 1099 1320 Christo
1120 1250 1178 1318 tilii
1213 1250 1314 1318 nostri

122 1357 243 1441 Karoli,
265 1358 352 1442 regis
373 1357 587 1428 Romanorum
607 1359 751 1440 illustris,
772 1357 864 1448 nobis
888 1359 1041 1442 exposito,
1064 1357 1148 1442 quod
1169 1356 1203 1421 in
1224 1355 1315 1420 here-

123 1464 239 1532 ditario
261 1483 359 1548 reguo
381 1483 439 1537 suo
462 1465 621 1547 Boemiae,
644 1465 815 1550 multisque
836 1464 909 1532 eliis
932 1464 1036 1532 eidem
1057 1480 1155 1546 regno
1173 1458 1314 1526 finitimis

121 1570 305 1652 regionibus
328 1573 424 1655 atque
444 1571 539 1638 ternis
561 1570 718 1638 Generale
738 1568 895 1652 Studium,
920 1569 1005 1654 quod
1029 1569 1063 1635 in
1083 1567 1148 1638 illis
1170 1565 1315 1650 partibus

123 1694 247 1742 summe
280 1674 363 1741 foret
391 1675 572 1760 expediens,
608 1695 671 1741 non
696 1675 876 1758 baberetur,
907 1675 1055 1759 quodque
1085 1670 1316 1755 metropolitica

122 1781 293 1863 Pragensis
316 1781 428 1848 civitas
449 1781 483 1846 in
502 1781 605 1864 ipsius
626 1781 716 1865 regni
738 1781 853 1863 medio,
886 1782 1019 1865 locoque
1048 1798 1143 1863 quam
1173 1769 1314 1843 salubcrss
1384 1841 1387 1854 ,

121 1886 204 1952 rimo
226 1885 289 1952 sita
310 1888 343 1950 et
356 1905 377 1951 a
391 1884 588 1952 diversarum
602 1887 741 1970 partium
755 1887 902 1970 gentibus
916 1885 1125 1972 frequentata,
1146 1883 1316 1949 invictus·

121 1990 208 2056 libus
242 2008 376 2072 quoqne,
410 1990 546 2074 aliisque
566 1991 652 2074 ritae
673 1989 862 2056 necessariis
894 1990 1032 2074 copiosa,
1065 1988 1107 2056 ad
1134 1986 1316 2072 hujusmodi

124 2093 283 2161 Generale
305 2093 454 2161 Studium
469 2094 663 2178 erigendum,
687 2112 759 2160 cum
780 2095 972 2178 particulare
987 2093 1107 2160 dudum
1119 2092 1154 2158 in
1168 2090 1317 2159 caluerit

122 2199 275 2279 studium,
298 2199 501 2265 accommoda
521 2199 655 2266 multum
677 2198 809 2265 existat:
832 2217 890 2265 nos
913 2197 1149 2264 considerantes
1169 2183 1315 2264 eximiam

122 2302 303 2369 devotionis
326 2307 359 2369 et
380 2301 455 2369 fidei
476 2305 658 2387 puritatem,
682 2323 778 2388 quam
799 2308 866 2370 tam
886 2304 957 2387 ipse
978 2301 1114 2369 Karalus
1137 2307 1170 2368 et
1183 2299 1316 2385 praede-

123 2425 266 2474 cessores
289 2406 349 2488 sui,
383 2407 533 2474 Boemiae
565 2427 667 2491 reges,
705 2427 799 2492 quam
830 2409 973 2474 eiusdem
1001 2407 1091 2490 regni
1125 2405 1247 2472 incolae
1275 2405 1317 2471 ad

123 2517 267 2580 sanctam
288 2511 462 2580 Romanam
477 2511 645 2580 ecclesiam
658 2513 806 2595 gessisse,
830 2531 867 2578 ac
882 2512 955 2596 ipsi,
978 2511 1115 2578 Karolus
1131 2530 1168 2577 ae
1182 2510 1315 2591 incolae,

122 2636 236 2700 gerere
250 2617 485 2701 dignoscuntur,
506 2617 641 2685 ferventi
664 2618 823 2685 desiderio
838 2617 991 2698 ducimur,
1006 2621 1043 2682 ut
1056 2635 1188 2699 regnum
1201 2615 1316 2698 ipsum,

122 2722 210 2804 quod
232 2722 339 2788 divina
360 2723 485 2789 bonitas
506 2723 710 2789 multitudine
731 2722 851 2807 populi,
874 2741 1044 2806 rerumque
1076 2721 1167 2804 copia
1191 2717 1317 2803 praedi·

121 2827 215 2908 tavit,
237 2824 294 2893 fiat
306 2827 470 2893 literarum
484 2827 648 2894 fertilitate
661 2827 861 2908 foecundum,
885 2846 922 2892 ac
941 2827 974 2892 in
989 2845 1036 2906 eo,
1053 2823 1317 2908 quemadmodum

124 2932 198 2998 auri
221 2935 254 2997 et
274 2931 398 3013 argenti
418 2931 537 3015 (copia)
558 2931 627 2998 fore
649 2932 853 3015 dignoscitur,
885 2930 932 2997 sic
954 2931 1158 2997 scientiarum
1186 2945 1318 3012 praevo-

123 3037 260 3103 lantium
280 3035 345 3102 sint
377 3036 498 3102 minora
520 3037 577 3120 (sit
598 3036 815 3118 abundantia),
841 3040 878 3101 ut
898 3035 983 3102 viros
1012 3035 1167 3119 producat
1195 3032 1318 3098 consilii

121 3140 309 3207 maturitate
325 3140 521 3224 conspicuos,
538 3142 692 3209 rimutum
706 3140 870 3207 redimitos
886 3141 1048 3212 ornatibus
1068 3159 1105 3206 ac
1120 3140 1317 3205 diversarum

122 3246 312 3311 facultatum
333 3244 533 3327 dogmatibus
555 3246 706 3327 eruditos,
729 3245 836 3328 sitque
854 3245 900 3311 ibi
914 3244 984 3311 fons
1000 3245 1148 3328 irriguus,
1171 3243 1212 3310 de
1227 3243 1317 3309 ouius

123 3349 323 3432 plenitudiue
350 3349 499 3417 hauriant
529 3349 669 3417 universi
696 3350 874 3417 literalibus
904 3350 1066 3433 cupientes
1094 3349 1193 3417 imbui
1223 3348 1318 3413 docu-

124 3454 250 3519 mentis.

229 3556 302 3624 Hiis
324 3559 423 3641 igitur
444 3558 588 3625 omuibus
622 3563 654 3624 et
685 3557 875 3641 praesertim
907 3559 1151 3626 amoenitatibus
1181 3555 1318 3622 civitatis

124 3661 290 3745 praefatae
312 3661 458 3744 diligenti
480 3662 711 3728 examinatione
732 3663 874 3745 pensatis
904 3663 945 3729 ad
974 3662 1157 3730 huiusmodi
1185 3659 1319 3726 Univer-

127 3767 194 3833 sale
209 3764 365 3847 Studium,
380 3785 443 3832 non
462 3767 564 3833 solnm
581 3767 827 3850 praemissorum
842 3768 985 3834 eiusdem
999 3767 1088 3850 regni
1110 3770 1142 3830 et
1156 3764 1320 3846 regionum

127 3871 247 3936 circum
268 3869 481 3953 adjacentium
502 3871 686 3952 incolarum,
709 3871 767 3937 sed
781 3871 879 3938 etiam
892 3872 1035 3952 aliorum,
1058 3871 1113 3953 qui
1127 3870 1167 3935 de
1183 3868 1318 3934 diversis

125 3972 237 4040 mundi
266 3973 410 4055 partibus
443 3974 485 4039 ad
518 3974 651 4040 eandem
682 3972 840 4040 confluent
862 3975 1032 4055 civitatem,
1068 3972 1320 4040 commodumst

125 4076 312 4161 profectum,
335 4078 476 4160 paternis
498 4077 665 4145 affectibus
687 4078 881 4162 anhelantes,
906 4080 983 4147 dicti
1004 4079 1089 4162 regis
1116 4077 1320 4161 supplicatio-

125 4182 220 4248 nibus
242 4181 393 4262 inclinati,
417 4182 458 4247 de
478 4181 612 4247 fratrum
633 4186 814 4250 nostrorum
828 4184 969 4264 oonsilio,
993 4183 1170 4266 apostolica
1183 4182 1320 4250 auctori-

125 4289 193 4352 tate
225 4286 405 4368 statuimus,
439 4286 530 4352 utin
552 4286 638 4352 dicta
667 4288 796 4354 civitate
830 4287 982 4372 Pragensi
1015 4287 1177 4372 perpetuis
1202 4288 1319 4355 bituris

124 4389 320 4472 temporibus
343 4389 545 4456 Generale
567 4389 757 4458 Studium
778 4393 886 4476 rigeat
907 4393 948 4458 in
972 4392 1165 4476 qualibet
1193 4394 1317 4459 licita
