<?xml version="1.0" encoding="UTF-8"?>
<!DOCTYPE html PUBLIC "-//W3C//DTD XHTML 1.0 Transitional//EN"
    "http://www.w3.org/TR/xhtml1/DTD/xhtml1-transitional.dtd">
<html xmlns="http://www.w3.org/1999/xhtml" xml:lang="en" lang="en">
 <head>
  <title>
</title>
<meta http-equiv="Content-Type" content="text/html;charset=utf-8" />
  <meta name='ocr-system' content='tesseract 3.04.00' />
  <meta name='ocr-capabilities' content='ocr_page ocr_carea ocr_par ocr_line ocrx_word'/>
</head>
<body>
  <div class='ocr_page' id='page_1' title='image "./codexjurisbohem02kingoog_0268.png"; bbox 0 0 3225 5017; ppageno 0'>
   <div class='ocr_carea' id='block_1_1' title="bbox 290 345 1054 416">
    <p class='ocr_par' dir='ltr' id='par_1_1' title="bbox 290 345 1054 416">
     <span class='ocr_line' id='line_1_1' title="bbox 290 345 1054 416; baseline 0.001 -17"><span class='ocrx_word' id='word_1_1' title='bbox 290 350 341 399; x_wconf 81' lang='lat'>258</span> <span class='ocrx_word' id='word_1_2' title='bbox 725 346 791 416; x_wconf 80' lang='lat' dir='ltr'>Gap.</span> <span class='ocrx_word' id='word_1_3' title='bbox 809 345 856 402; x_wconf 86' lang='lat' dir='ltr'>IX.</span> <span class='ocrx_word' id='word_1_4' title='bbox 874 345 1054 401; x_wconf 80' lang='lat' dir='ltr'>Universitas.</span> 
     </span>
    </p>
   </div>
   <div class='ocr_carea' id='block_1_2' title="bbox 291 537 1573 728">
    <p class='ocr_par' dir='ltr' id='par_1_2' title="bbox 291 537 1573 742">
     <span class='ocr_line' id='line_1_2' title="bbox 392 537 1573 625; baseline -0.003 -18"><span class='ocrx_word' id='word_1_5' title='bbox 392 539 422 607; x_wconf 85' lang='lat'>5.</span> <span class='ocrx_word' id='word_1_6' title='bbox 443 537 1488 625; x_wconf 86' lang='lat' dir='ltr'>OrdinationesarchiepiscopiPragensis,Studif</span> <span class='ocrx_word' id='word_1_7' title='bbox 1572 613 1573 620; x_wconf 7' lang='grc' dir='ltr'>ἵ</span> 
     </span>
     <span class='ocr_line' id='line_1_3' title="bbox 291 643 1200 728; baseline 0 -18"><span class='ocrx_word' id='word_1_8' title='bbox 291 645 520 728; x_wconf 88' lang='lat' dir='ltr'>Pragensis</span> <span class='ocrx_word' id='word_1_9' title='bbox 543 646 806 712; x_wconf 90' lang='lat' dir='ltr'>cancellarii.</span> <span class='ocrx_word' id='word_1_10' title='bbox 833 647 927 712; x_wconf 83' lang='lat'><strong>1360.</strong></span> <span class='ocrx_word' id='word_1_11' title='bbox 956 647 1006 712; x_wconf 87' lang='lat'>10.</span> <span class='ocrx_word' id='word_1_12' title='bbox 1030 643 1200 728; x_wconf 83' lang='lat' dir='ltr'><strong>Aprilis.</strong></span> 
     </span>
    </p>
   </div>
   <div class='ocr_carea' id='block_1_3' title="bbox 288 747 1573 966">
    <p class='ocr_par' dir='ltr' id='par_1_3' title="bbox 288 747 1573 966">
     <span class='ocr_line' id='line_1_4' title="bbox 391 747 1573 859; baseline -0.001 -18"><span class='ocrx_word' id='word_1_13' title='bbox 391 775 458 841; x_wconf 90' lang='lat' dir='ltr'>Nos</span> <span class='ocrx_word' id='word_1_14' title='bbox 480 775 635 842; x_wconf 84' lang='lat' dir='ltr'>Amestus</span> <span class='ocrx_word' id='word_1_15' title='bbox 657 777 718 842; x_wconf 91' lang='lat' dir='ltr'>Dei</span> <span class='ocrx_word' id='word_1_16' title='bbox 741 780 774 842; x_wconf 92' lang='lat' dir='ltr'>et</span> <span class='ocrx_word' id='word_1_17' title='bbox 796 776 995 859; x_wconf 89' lang='lat' dir='ltr'>apostolicae</span> <span class='ocrx_word' id='word_1_18' title='bbox 1018 775 1103 841; x_wconf 89' lang='lat' dir='ltr'>sedis</span> <span class='ocrx_word' id='word_1_19' title='bbox 1126 777 1229 856; x_wconf 87' lang='lat' dir='ltr'>gratia</span> <span class='ocrx_word' id='word_1_20' title='bbox 1252 773 1386 840; x_wconf 78' lang='lat' dir='ltr'>Sanctae</span> <span class='ocrx_word' id='word_1_21' title='bbox 1412 773 1488 840; x_wconf 85' lang='lat' dir='ltr'>Pra-</span> <span class='ocrx_word' id='word_1_22' title='bbox 1571 747 1573 846; x_wconf 70' lang='lat' dir='ltr'>f</span> 
     </span>
     <span class='ocr_line' id='line_1_5' title="bbox 288 879 1573 966; baseline -0.002 -20"><span class='ocrx_word' id='word_1_23' title='bbox 288 881 395 962; x_wconf 81' lang='lat' dir='ltr'>gensis</span> <span class='ocrx_word' id='word_1_24' title='bbox 418 882 572 947; x_wconf 90' lang='lat' dir='ltr'>ecclesiae</span> <span class='ocrx_word' id='word_1_25' title='bbox 594 882 853 966; x_wconf 79' lang='lat' dir='ltr'>archiepiscopus</span> <span class='ocrx_word' id='word_1_26' title='bbox 877 900 914 946; x_wconf 88' lang='lat' dir='ltr'>ac</span> <span class='ocrx_word' id='word_1_27' title='bbox 936 880 1043 946; x_wconf 86' lang='lat' dir='ltr'>Studii</span> <span class='ocrx_word' id='word_1_28' title='bbox 1071 879 1240 962; x_wconf 87' lang='lat' dir='ltr'>Pragensis</span> <span class='ocrx_word' id='word_1_29' title='bbox 1271 880 1486 945; x_wconf 89' lang='lat' dir='ltr'>cancellarius.</span> <span class='ocrx_word' id='word_1_30' title='bbox 1572 879 1573 888; x_wconf 76' lang='grc'>’</span> 
     </span>
    </p>
   </div>
   <div class='ocr_carea' id='block_1_4' title="bbox 288 1001 1573 2060">
    <p class='ocr_par' dir='ltr' id='par_1_4' title="bbox 288 1001 1573 1705">
     <span class='ocr_line' id='line_1_6' title="bbox 391 1001 1573 1092; baseline -0.001 -17"><span class='ocrx_word' id='word_1_31' title='bbox 391 1010 520 1077; x_wconf 82' lang='lat' dir='ltr'><strong>Auditis</strong></span> <span class='ocrx_word' id='word_1_32' title='bbox 554 1012 731 1079; x_wconf 88' lang='lat' dir='ltr'>rationibus</span> <span class='ocrx_word' id='word_1_33' title='bbox 765 1015 798 1076; x_wconf 90' lang='lat' dir='ltr'>et</span> <span class='ocrx_word' id='word_1_34' title='bbox 830 1011 958 1077; x_wconf 86' lang='lat' dir='ltr'>motivis</span> <span class='ocrx_word' id='word_1_35' title='bbox 995 1013 1228 1092; x_wconf 87' lang='lat' dir='ltr'>magistrorum,</span> <span class='ocrx_word' id='word_1_36' title='bbox 1262 1012 1426 1077; x_wconf 87' lang='lat' dir='ltr'>doctorum</span> <span class='ocrx_word' id='word_1_37' title='bbox 1457 1015 1489 1074; x_wconf 90' lang='lat' dir='ltr'>et</span> <span class='ocrx_word' id='word_1_38' title='bbox 1572 1001 1573 1030; x_wconf 76' lang='lat'>³</span> 
     </span>
     <span class='ocr_line' id='line_1_7' title="bbox 290 1115 1488 1201; baseline -0.001 -21"><span class='ocrx_word' id='word_1_39' title='bbox 290 1116 487 1201; x_wconf 87' lang='lat' dir='ltr'>quorundam</span> <span class='ocrx_word' id='word_1_40' title='bbox 509 1116 679 1183; x_wconf 88' lang='lat' dir='ltr'>scolarium</span> <span class='ocrx_word' id='word_1_41' title='bbox 701 1121 735 1182; x_wconf 89' lang='lat' dir='ltr'>et</span> <span class='ocrx_word' id='word_1_42' title='bbox 755 1115 944 1199; x_wconf 85' lang='lat' dir='ltr'>praehabita</span> <span class='ocrx_word' id='word_1_43' title='bbox 966 1115 1194 1181; x_wconf 85' lang='lat' dir='ltr'>deliberatione</span> <span class='ocrx_word' id='word_1_44' title='bbox 1220 1119 1345 1182; x_wconf 89' lang='lat' dir='ltr'>matura</span> <span class='ocrx_word' id='word_1_45' title='bbox 1367 1120 1402 1181; x_wconf 92' lang='lat' dir='ltr'>et</span> <span class='ocrx_word' id='word_1_46' title='bbox 1415 1133 1488 1180; x_wconf 92' lang='lat' dir='ltr'>con-</span> 
     </span>
     <span class='ocr_line' id='line_1_8' title="bbox 289 1220 1487 1303; baseline -0.003 -16"><span class='ocrx_word' id='word_1_47' title='bbox 289 1221 361 1287; x_wconf 91' lang='lat' dir='ltr'>silio</span> <span class='ocrx_word' id='word_1_48' title='bbox 383 1221 572 1303; x_wconf 87' lang='lat' dir='ltr'>sapientum,</span> <span class='ocrx_word' id='word_1_49' title='bbox 595 1239 652 1303; x_wconf 91' lang='lat' dir='ltr'>pro</span> <span class='ocrx_word' id='word_1_50' title='bbox 681 1221 883 1299; x_wconf 77' lang='lat' dir='ltr'>necessitate,</span> <span class='ocrx_word' id='word_1_51' title='bbox 913 1220 1053 1287; x_wconf 89' lang='lat' dir='ltr'>utilitate</span> <span class='ocrx_word' id='word_1_52' title='bbox 1081 1226 1114 1286; x_wconf 90' lang='lat' dir='ltr'>et</span> <span class='ocrx_word' id='word_1_53' title='bbox 1140 1221 1310 1303; x_wconf 87' lang='lat' dir='ltr'>tranquillo</span> <span class='ocrx_word' id='word_1_54' title='bbox 1341 1223 1487 1286; x_wconf 86' lang='lat' dir='ltr'>statuae</span> 
     </span>
     <span class='ocr_line' id='line_1_9' title="bbox 288 1324 1489 1408; baseline -0.002 -18"><span class='ocrx_word' id='word_1_55' title='bbox 288 1326 483 1392; x_wconf 91' lang='lat' dir='ltr'>incremento</span> <span class='ocrx_word' id='word_1_56' title='bbox 506 1325 584 1392; x_wconf 91' lang='lat' dir='ltr'>dicti</span> <span class='ocrx_word' id='word_1_57' title='bbox 617 1325 721 1392; x_wconf 85' lang='lat' dir='ltr'>Studii</span> <span class='ocrx_word' id='word_1_58' title='bbox 749 1325 884 1392; x_wconf 91' lang='lat' dir='ltr'>fecimus</span> <span class='ocrx_word' id='word_1_59' title='bbox 906 1328 939 1391; x_wconf 92' lang='lat' dir='ltr'>et</span> <span class='ocrx_word' id='word_1_60' title='bbox 977 1326 1256 1408; x_wconf 86' lang='lat' dir='ltr'>promulgavimus,</span> <span class='ocrx_word' id='word_1_61' title='bbox 1289 1324 1422 1392; x_wconf 86' lang='lat' dir='ltr'>facimus</span> <span class='ocrx_word' id='word_1_62' title='bbox 1457 1328 1489 1388; x_wconf 92' lang='lat' dir='ltr'>et</span> 
     </span>
     <span class='ocr_line' id='line_1_10' title="bbox 288 1428 1489 1513; baseline -0.002 -18"><span class='ocrx_word' id='word_1_63' title='bbox 288 1430 524 1513; x_wconf 84' lang='lat' dir='ltr'>promulgamus</span> <span class='ocrx_word' id='word_1_64' title='bbox 547 1429 772 1496; x_wconf 85' lang='lat' dir='ltr'>Ordinationes</span> <span class='ocrx_word' id='word_1_65' title='bbox 794 1428 1023 1513; x_wconf 79' lang='lat' dir='ltr'>infrascriptos,</span> <span class='ocrx_word' id='word_1_66' title='bbox 1064 1434 1158 1513; x_wconf 90' lang='lat' dir='ltr'>prout</span> <span class='ocrx_word' id='word_1_67' title='bbox 1180 1430 1330 1513; x_wconf 82' lang='lat' dir='ltr'>expedire</span> <span class='ocrx_word' id='word_1_68' title='bbox 1362 1430 1489 1494; x_wconf 88' lang='lat' dir='ltr'>videtur</span> 
     </span>
     <span class='ocr_line' id='line_1_11' title="bbox 290 1534 1488 1618; baseline 0.001 -19"><span class='ocrx_word' id='word_1_69' title='bbox 290 1553 348 1617; x_wconf 91' lang='lat' dir='ltr'>pro</span> <span class='ocrx_word' id='word_1_70' title='bbox 370 1535 526 1618; x_wconf 88' lang='lat' dir='ltr'>principio</span> <span class='ocrx_word' id='word_1_71' title='bbox 556 1538 589 1599; x_wconf 88' lang='lat' dir='ltr'>et</span> <span class='ocrx_word' id='word_1_72' title='bbox 609 1534 815 1600; x_wconf 87' lang='lat' dir='ltr'>fundamento</span> <span class='ocrx_word' id='word_1_73' title='bbox 844 1535 946 1618; x_wconf 90' lang='lat' dir='ltr'>ipsius</span> <span class='ocrx_word' id='word_1_74' title='bbox 969 1534 1083 1616; x_wconf 85' lang='lat' dir='ltr'>Studii,</span> <span class='ocrx_word' id='word_1_75' title='bbox 1119 1536 1325 1601; x_wconf 89' lang='lat' dir='ltr'>consideratis</span> <span class='ocrx_word' id='word_1_76' title='bbox 1356 1535 1488 1600; x_wconf 90' lang='lat' dir='ltr'>circum-</span> 
     </span>
     <span class='ocr_line' id='line_1_12' title="bbox 296 1639 618 1705; baseline -0.006 -1"><span class='ocrx_word' id='word_1_77' title='bbox 296 1639 422 1705; x_wconf 85' lang='lat' dir='ltr'>stantiis</span> <span class='ocrx_word' id='word_1_78' title='bbox 444 1639 618 1705; x_wconf 87' lang='lat' dir='ltr'>universis:</span> 
     </span>
    </p>

    <p class='ocr_par' dir='ltr' id='par_1_5' title="bbox 291 1769 1488 2060">
     <span class='ocr_line' id='line_1_13' title="bbox 393 1769 1488 1851; baseline -0.001 -17"><span class='ocrx_word' id='word_1_79' title='bbox 393 1769 499 1843; x_wconf 88' lang='lat' dir='ltr'>Primo</span> <span class='ocrx_word' id='word_1_80' title='bbox 530 1769 689 1850; x_wconf 87' lang='lat' dir='ltr'>videlicet,</span> <span class='ocrx_word' id='word_1_81' title='bbox 720 1771 806 1851; x_wconf 87' lang='lat' dir='ltr'>quod</span> <span class='ocrx_word' id='word_1_82' title='bbox 836 1771 869 1835; x_wconf 91' lang='lat' dir='ltr'>in</span> <span class='ocrx_word' id='word_1_83' title='bbox 901 1771 986 1836; x_wconf 94' lang='lat' dir='ltr'>dicto</span> <span class='ocrx_word' id='word_1_84' title='bbox 1012 1770 1123 1837; x_wconf 83' lang='lat' dir='ltr'>Studio</span> <span class='ocrx_word' id='word_1_85' title='bbox 1157 1771 1199 1837; x_wconf 89' lang='lat' dir='ltr'>sit</span> <span class='ocrx_word' id='word_1_86' title='bbox 1228 1787 1310 1836; x_wconf 91' lang='lat' dir='ltr'>unus</span> <span class='ocrx_word' id='word_1_87' title='bbox 1331 1773 1436 1835; x_wconf 92' lang='lat' dir='ltr'>rector</span> <span class='ocrx_word' id='word_1_88' title='bbox 1458 1774 1488 1834; x_wconf 88' lang='lat' dir='ltr'>et</span> 
     </span>
     <span class='ocr_line' id='line_1_14' title="bbox 291 1873 1487 1958; baseline 0.002 -21"><span class='ocrx_word' id='word_1_89' title='bbox 291 1886 355 1940; x_wconf 86' lang='lat' dir='ltr'>uua</span> <span class='ocrx_word' id='word_1_90' title='bbox 376 1873 584 1953; x_wconf 83' lang='lat' dir='ltr'>universitas3</span> <span class='ocrx_word' id='word_1_91' title='bbox 608 1878 641 1940; x_wconf 92' lang='lat' dir='ltr'>et</span> <span class='ocrx_word' id='word_1_92' title='bbox 662 1875 747 1957; x_wconf 92' lang='lat' dir='ltr'>quod</span> <span class='ocrx_word' id='word_1_93' title='bbox 768 1879 882 1955; x_wconf 84' lang='lat' dir='ltr'>rector,</span> <span class='ocrx_word' id='word_1_94' title='bbox 907 1876 961 1957; x_wconf 90' lang='lat' dir='ltr'>qui</span> <span class='ocrx_word' id='word_1_95' title='bbox 982 1875 1079 1942; x_wconf 88' lang='lat' dir='ltr'>fuerit</span> <span class='ocrx_word' id='word_1_96' title='bbox 1100 1895 1158 1958; x_wconf 94' lang='lat' dir='ltr'>pro</span> <span class='ocrx_word' id='word_1_97' title='bbox 1180 1880 1334 1957; x_wconf 90' lang='lat' dir='ltr'>tempore,</span> <span class='ocrx_word' id='word_1_98' title='bbox 1363 1874 1405 1940; x_wconf 92' lang='lat' dir='ltr'>sit</span> <span class='ocrx_word' id='word_1_99' title='bbox 1426 1873 1487 1940; x_wconf 90' lang='lat' dir='ltr'>cle·</span> 
     </span>
     <span class='ocr_line' id='line_1_15' title="bbox 292 1978 1357 2060; baseline 0 -16"><span class='ocrx_word' id='word_1_100' title='bbox 292 1979 378 2044; x_wconf 88' lang='lat' dir='ltr'>ricus</span> <span class='ocrx_word' id='word_1_101' title='bbox 401 1978 584 2060; x_wconf 86' lang='lat' dir='ltr'>saecularis,</span> <span class='ocrx_word' id='word_1_102' title='bbox 607 1978 754 2045; x_wconf 89' lang='lat' dir='ltr'>deferens</span> <span class='ocrx_word' id='word_1_103' title='bbox 777 1980 924 2046; x_wconf 90' lang='lat' dir='ltr'>habitum</span> <span class='ocrx_word' id='word_1_104' title='bbox 947 1983 980 2044; x_wconf 93' lang='lat' dir='ltr'>et</span> <span class='ocrx_word' id='word_1_105' title='bbox 1001 1985 1162 2045; x_wconf 86' lang='lat' dir='ltr'>tonsuram</span> <span class='ocrx_word' id='word_1_106' title='bbox 1187 1979 1357 2044; x_wconf 85' lang='lat' dir='ltr'>clericales.</span> 
     </span>
    </p>
   </div>
   <div class='ocr_carea' id='block_1_5' title="bbox 227 2104 1572 4055">
    <p class='ocr_par' dir='ltr' id='par_1_6' title="bbox 292 2104 1572 2496">
     <span class='ocr_line' id='line_1_16' title="bbox 381 2104 1488 2194; baseline 0.001 -21"><span class='ocrx_word' id='word_1_107' title='bbox 381 2104 484 2191; x_wconf 79' lang='lat' dir='ltr'>Item,</span> <span class='ocrx_word' id='word_1_108' title='bbox 509 2110 594 2192; x_wconf 91' lang='lat' dir='ltr'>quod</span> <span class='ocrx_word' id='word_1_109' title='bbox 616 2109 721 2175; x_wconf 92' lang='lat' dir='ltr'>eidem</span> <span class='ocrx_word' id='word_1_110' title='bbox 743 2111 860 2181; x_wconf 84' lang='lat' dir='ltr'>rectori</span> <span class='ocrx_word' id='word_1_111' title='bbox 886 2111 995 2194; x_wconf 90' lang='lat' dir='ltr'>jurent</span> <span class='ocrx_word' id='word_1_112' title='bbox 1020 2129 1129 2176; x_wconf 91' lang='lat' dir='ltr'>omnes</span> <span class='ocrx_word' id='word_1_113' title='bbox 1160 2110 1314 2192; x_wconf 82' lang='lat' dir='ltr'>magistri,</span> <span class='ocrx_word' id='word_1_114' title='bbox 1345 2109 1488 2174; x_wconf 89' lang='lat' dir='ltr'>doctores</span> 
     </span>
     <span class='ocr_line' id='line_1_17' title="bbox 293 2213 1571 2297; baseline -0.001 -19"><span class='ocrx_word' id='word_1_115' title='bbox 293 2217 326 2278; x_wconf 93' lang='lat' dir='ltr'>et</span> <span class='ocrx_word' id='word_1_116' title='bbox 348 2214 486 2279; x_wconf 87' lang='lat' dir='ltr'>scolares</span> <span class='ocrx_word' id='word_1_117' title='bbox 509 2213 699 2293; x_wconf 88' lang='lat' dir='ltr'>saeculares,</span> <span class='ocrx_word' id='word_1_118' title='bbox 730 2215 882 2297; x_wconf 89' lang='lat' dir='ltr'>quisunt</span> <span class='ocrx_word' id='word_1_119' title='bbox 911 2215 962 2280; x_wconf 89' lang='lat' dir='ltr'>vel</span> <span class='ocrx_word' id='word_1_120' title='bbox 983 2214 1102 2280; x_wconf 85' lang='lat' dir='ltr'>fuerint</span> <span class='ocrx_word' id='word_1_121' title='bbox 1123 2215 1156 2280; x_wconf 92' lang='lat' dir='ltr'>in</span> <span class='ocrx_word' id='word_1_122' title='bbox 1178 2215 1308 2280; x_wconf 86' lang='lat' dir='ltr'>civitate</span> <span class='ocrx_word' id='word_1_123' title='bbox 1337 2213 1487 2295; x_wconf 82' lang='lat' dir='ltr'>Progensi</span> <span class='ocrx_word' id='word_1_124' title='bbox 1570 2241 1571 2266; x_wconf 57' lang='lat'>³</span> 
     </span>
     <span class='ocr_line' id='line_1_18' title="bbox 292 2317 1571 2400; baseline -0.001 -18"><span class='ocrx_word' id='word_1_125' title='bbox 292 2317 416 2383; x_wconf 88' lang='lat' dir='ltr'>ratione</span> <span class='ocrx_word' id='word_1_126' title='bbox 438 2317 546 2398; x_wconf 89' lang='lat' dir='ltr'>studii,</span> <span class='ocrx_word' id='word_1_127' title='bbox 572 2319 718 2400; x_wconf 85' lang='lat' dir='ltr'>legentes.</span> <span class='ocrx_word' id='word_1_128' title='bbox 735 2319 786 2384; x_wconf 87' lang='lat' dir='ltr'>vel</span> <span class='ocrx_word' id='word_1_129' title='bbox 809 2319 975 2386; x_wconf 87' lang='lat' dir='ltr'>audientes</span> <span class='ocrx_word' id='word_1_130' title='bbox 1004 2319 1174 2399; x_wconf 90' lang='lat' dir='ltr'>lectiones;</span> <span class='ocrx_word' id='word_1_131' title='bbox 1204 2317 1346 2400; x_wconf 84' lang='lat' dir='ltr'>religiosi</span> <span class='ocrx_word' id='word_1_132' title='bbox 1377 2323 1481 2382; x_wconf 90' lang='lat' dir='ltr'>autem</span> <span class='ocrx_word' id='word_1_133' title='bbox 1570 2347 1571 2354; x_wconf 17' lang='grc' dir='ltr'><strong>κ</strong></span> 
     </span>
     <span class='ocr_line' id='line_1_19' title="bbox 293 2420 1572 2496; baseline -0.003 -7"><span class='ocrx_word' id='word_1_134' title='bbox 293 2441 329 2490; x_wconf 89' lang='lat' dir='ltr'>se</span> <span class='ocrx_word' id='word_1_135' title='bbox 351 2422 571 2488; x_wconf 88' lang='lat' dir='ltr'>consuetudini</span> <span class='ocrx_word' id='word_1_136' title='bbox 594 2423 812 2489; x_wconf 85' lang='lat' dir='ltr'>universitatis</span> <span class='ocrx_word' id='word_1_137' title='bbox 835 2424 1024 2489; x_wconf 90' lang='lat' dir='ltr'>Parisiensis</span> <span class='ocrx_word' id='word_1_138' title='bbox 1046 2424 1080 2489; x_wconf 95' lang='lat' dir='ltr'>in</span> <span class='ocrx_word' id='word_1_139' title='bbox 1101 2424 1161 2490; x_wconf 93' lang='lat' dir='ltr'>hoc</span> <span class='ocrx_word' id='word_1_140' title='bbox 1185 2443 1260 2489; x_wconf 89' lang='lat' dir='ltr'>casu</span> <span class='ocrx_word' id='word_1_141' title='bbox 1284 2420 1485 2488; x_wconf 85' lang='lat' dir='ltr'>conforment.</span> <span class='ocrx_word' id='word_1_142' title='bbox 1571 2493 1572 2496; x_wconf 8' lang='grc' dir='ltr'><strong>Ἴ</strong></span> 
     </span>
    </p>

    <p class='ocr_par' dir='ltr' id='par_1_7' title="bbox 283 2527 1485 2823">
     <span class='ocr_line' id='line_1_20' title="bbox 396 2527 1485 2611; baseline -0.002 -19"><span class='ocrx_word' id='word_1_143' title='bbox 396 2527 487 2608; x_wconf 88' lang='lat' dir='ltr'>Item,</span> <span class='ocrx_word' id='word_1_144' title='bbox 517 2528 602 2611; x_wconf 89' lang='lat' dir='ltr'>quod</span> <span class='ocrx_word' id='word_1_145' title='bbox 624 2532 729 2594; x_wconf 88' lang='lat' dir='ltr'>rector</span> <span class='ocrx_word' id='word_1_146' title='bbox 751 2529 888 2610; x_wconf 86' lang='lat' dir='ltr'>eligatur</span> <span class='ocrx_word' id='word_1_147' title='bbox 908 2548 967 2611; x_wconf 91' lang='lat' dir='ltr'>per</span> <span class='ocrx_word' id='word_1_148' title='bbox 988 2529 1228 2596; x_wconf 88' lang='lat' dir='ltr'>universitatem</span> <span class='ocrx_word' id='word_1_149' title='bbox 1258 2528 1307 2592; x_wconf 88' lang='lat' dir='ltr'>vel</span> <span class='ocrx_word' id='word_1_150' title='bbox 1330 2528 1400 2610; x_wconf 91' lang='lat' dir='ltr'>ejus</span> <span class='ocrx_word' id='word_1_151' title='bbox 1422 2545 1485 2590; x_wconf 87' lang='lat' dir='ltr'>ma-</span> 
     </span>
     <span class='ocr_line' id='line_1_21' title="bbox 287 2631 1483 2716; baseline -0.002 -19"><span class='ocrx_word' id='word_1_152' title='bbox 287 2633 390 2716; x_wconf 90' lang='lat' dir='ltr'>jorem</span> <span class='ocrx_word' id='word_1_153' title='bbox 411 2636 534 2715; x_wconf 85' lang='lat' dir='ltr'>partam</span> <span class='ocrx_word' id='word_1_154' title='bbox 558 2633 746 2716; x_wconf 89' lang='lat' dir='ltr'>quicunque,</span> <span class='ocrx_word' id='word_1_155' title='bbox 777 2632 947 2698; x_wconf 88' lang='lat' dir='ltr'>dummodo</span> <span class='ocrx_word' id='word_1_156' title='bbox 970 2634 1159 2712; x_wconf 80' lang='lat' dir='ltr'>saecularis3</span> <span class='ocrx_word' id='word_1_157' title='bbox 1189 2633 1231 2698; x_wconf 76' lang='lat' dir='ltr'>de&#39;</span> <span class='ocrx_word' id='word_1_158' title='bbox 1261 2631 1354 2697; x_wconf 91' lang='lat' dir='ltr'>modo</span> <span class='ocrx_word' id='word_1_159' title='bbox 1378 2635 1483 2696; x_wconf 88' lang='lat' dir='ltr'>antem</span> 
     </span>
     <span class='ocr_line' id='line_1_22' title="bbox 283 2736 990 2823; baseline 0 -21"><span class='ocrx_word' id='word_1_160' title='bbox 283 2737 431 2823; x_wconf 80' lang='lat' dir='ltr'>‘eligendi</span> <span class='ocrx_word' id='word_1_161' title='bbox 455 2739 487 2803; x_wconf 91' lang='lat' dir='ltr'>et</span> <span class='ocrx_word' id='word_1_162' title='bbox 510 2737 550 2802; x_wconf 92' lang='lat' dir='ltr'>de</span> <span class='ocrx_word' id='word_1_163' title='bbox 573 2736 763 2803; x_wconf 89' lang='lat' dir='ltr'>electoribus</span> <span class='ocrx_word' id='word_1_164' title='bbox 787 2736 990 2803; x_wconf 86' lang='lat' dir='ltr'>deliberetur.</span> 
     </span>
    </p>

    <p class='ocr_par' dir='ltr' id='par_1_8' title="bbox 294 2841 1571 3030">
     <span class='ocr_line' id='line_1_23' title="bbox 397 2841 1571 2925; baseline 0.003 -19"><span class='ocrx_word' id='word_1_165' title='bbox 397 2843 488 2922; x_wconf 87' lang='lat' dir='ltr'>Item,</span> <span class='ocrx_word' id='word_1_166' title='bbox 511 2842 636 2924; x_wconf 88' lang='lat' dir='ltr'>quoties</span> <span class='ocrx_word' id='word_1_167' title='bbox 657 2845 693 2908; x_wconf 88' lang='lat' dir='ltr'>et</span> <span class='ocrx_word' id='word_1_168' title='bbox 714 2841 840 2925; x_wconf 92' lang='lat' dir='ltr'>quando</span> <span class='ocrx_word' id='word_1_169' title='bbox 863 2846 1018 2908; x_wconf 88' lang='lat' dir='ltr'>rectorem</span> <span class='ocrx_word' id='word_1_170' title='bbox 1042 2841 1185 2908; x_wconf 88' lang='lat' dir='ltr'>artistam</span> <span class='ocrx_word' id='word_1_171' title='bbox 1212 2859 1284 2906; x_wconf 90' lang='lat' dir='ltr'>esse</span> <span class='ocrx_word' id='word_1_172' title='bbox 1314 2841 1489 2922; x_wconf 84' lang='lat' dir='ltr'>contigerit,</span> <span class='ocrx_word' id='word_1_173' title='bbox 1570 2901 1571 2910; x_wconf 73' lang='grc'>,</span> 
     </span>
     <span class='ocr_line' id='line_1_24' title="bbox 294 2946 1490 3030; baseline -0.001 -19"><span class='ocrx_word' id='word_1_174' title='bbox 294 2946 379 3030; x_wconf 91' lang='lat' dir='ltr'>quod</span> <span class='ocrx_word' id='word_1_175' title='bbox 401 2949 515 3012; x_wconf 85' lang='lat' dir='ltr'>extunc</span> <span class='ocrx_word' id='word_1_176' title='bbox 538 2947 655 3013; x_wconf 88' lang='lat' dir='ltr'>habeat</span> <span class='ocrx_word' id='word_1_177' title='bbox 676 2946 831 3013; x_wconf 69' lang='lat' dir='ltr'>doarium</span> <span class='ocrx_word' id='word_1_178' title='bbox 849 2946 997 3029; x_wconf 87' lang='lat' dir='ltr'>juristam</span> <span class='ocrx_word' id='word_1_179' title='bbox 1014 2947 1118 3030; x_wconf 88' lang='lat' dir='ltr'>quoad</span> <span class='ocrx_word' id='word_1_180' title='bbox 1136 2946 1277 3027; x_wconf 88' lang='lat' dir='ltr'>regimen</span> <span class='ocrx_word' id='word_1_181' title='bbox 1293 2946 1490 3029; x_wconf 85' lang='lat' dir='ltr'>juristarum,</span> 
     </span>
    </p>

    <p class='ocr_par' dir='ltr' id='par_1_9' title="bbox 227 3050 1491 3342">
     <span class='ocr_line' id='line_1_25' title="bbox 227 3050 1491 3135; baseline -0.002 -19"><span class='ocrx_word' id='word_1_182' title='bbox 227 3125 233 3135; x_wconf 47' lang='lat'>‚</span> <span class='ocrx_word' id='word_1_183' title='bbox 295 3053 328 3116; x_wconf 90' lang='lat' dir='ltr'>et</span> <span class='ocrx_word' id='word_1_184' title='bbox 350 3069 368 3117; x_wconf 90' lang='lat' dir='ltr'>e</span> <span class='ocrx_word' id='word_1_185' title='bbox 391 3068 559 3131; x_wconf 81' lang='lat' dir='ltr'>convers03</span> <span class='ocrx_word' id='word_1_186' title='bbox 589 3051 674 3135; x_wconf 94' lang='lat' dir='ltr'>quod</span> <span class='ocrx_word' id='word_1_187' title='bbox 695 3070 759 3117; x_wconf 94' lang='lat' dir='ltr'>non</span> <span class='ocrx_word' id='word_1_188' title='bbox 789 3051 833 3116; x_wconf 92' lang='lat' dir='ltr'>sit</span> <span class='ocrx_word' id='word_1_189' title='bbox 853 3069 985 3117; x_wconf 87' lang='lat' dir='ltr'>neeesse</span> <span class='ocrx_word' id='word_1_190' title='bbox 1015 3051 1121 3135; x_wconf 87' lang='lat' dir='ltr'>(utile)</span> <span class='ocrx_word' id='word_1_191' title='bbox 1150 3050 1333 3133; x_wconf 87' lang='lat' dir='ltr'>frequenter</span> <span class='ocrx_word' id='word_1_192' title='bbox 1362 3068 1491 3132; x_wconf 88' lang='lat' dir='ltr'>congre·</span> 
     </span>
     <span class='ocr_line' id='line_1_26' title="bbox 297 3153 1491 3239; baseline -0.003 -19"><span class='ocrx_word' id='word_1_193' title='bbox 297 3173 374 3237; x_wconf 88' lang='lat' dir='ltr'>gare</span> <span class='ocrx_word' id='word_1_194' title='bbox 394 3158 495 3222; x_wconf 88' lang='lat' dir='ltr'>totam</span> <span class='ocrx_word' id='word_1_195' title='bbox 524 3156 773 3235; x_wconf 82' lang='lat' dir='ltr'>universitatem,</span> <span class='ocrx_word' id='word_1_196' title='bbox 804 3155 837 3220; x_wconf 93' lang='lat' dir='ltr'>in</span> <span class='ocrx_word' id='word_1_197' title='bbox 868 3155 1070 3239; x_wconf 89' lang='lat' dir='ltr'>dispendium</span> <span class='ocrx_word' id='word_1_198' title='bbox 1101 3158 1133 3220; x_wconf 88' lang='lat' dir='ltr'>et</span> <span class='ocrx_word' id='word_1_199' title='bbox 1162 3154 1401 3220; x_wconf 88' lang='lat' dir='ltr'>distractionem</span> <span class='ocrx_word' id='word_1_200' title='bbox 1430 3153 1491 3236; x_wconf 85' lang='lat' dir='ltr'>(di-</span> 
     </span>
     <span class='ocr_line' id='line_1_27' title="bbox 296 3259 938 3342; baseline 0 -18"><span class='ocrx_word' id='word_1_201' title='bbox 296 3260 463 3341; x_wconf 85' lang='lat' dir='ltr'>stractum)</span> <span class='ocrx_word' id='word_1_202' title='bbox 486 3259 659 3342; x_wconf 88' lang='lat' dir='ltr'>legentium</span> <span class='ocrx_word' id='word_1_203' title='bbox 681 3264 713 3325; x_wconf 91' lang='lat' dir='ltr'>et</span> <span class='ocrx_word' id='word_1_204' title='bbox 735 3260 938 3325; x_wconf 89' lang='lat' dir='ltr'>studentium.</span> 
     </span>
    </p>

    <p class='ocr_par' dir='ltr' id='par_1_10' title="bbox 295 3363 1493 3760">
     <span class='ocr_line' id='line_1_28' title="bbox 399 3363 1491 3446; baseline 0.002 -18"><span class='ocrx_word' id='word_1_205' title='bbox 399 3363 489 3443; x_wconf 91' lang='lat' dir='ltr'>Item,</span> <span class='ocrx_word' id='word_1_206' title='bbox 523 3382 581 3446; x_wconf 92' lang='lat' dir='ltr'>pro</span> <span class='ocrx_word' id='word_1_207' title='bbox 613 3364 769 3431; x_wconf 88' lang='lat' dir='ltr'>faciendis</span> <span class='ocrx_word' id='word_1_208' title='bbox 802 3366 931 3430; x_wconf 86' lang='lat' dir='ltr'>statutis</span> <span class='ocrx_word' id='word_1_209' title='bbox 969 3365 1127 3446; x_wconf 88' lang='lat' dir='ltr'>eligantur</span> <span class='ocrx_word' id='word_1_210' title='bbox 1162 3382 1219 3446; x_wconf 90' lang='lat' dir='ltr'>per</span> <span class='ocrx_word' id='word_1_211' title='bbox 1251 3364 1491 3430; x_wconf 83' lang='lat' dir='ltr'>universItatem</span> 
     </span>
     <span class='ocr_line' id='line_1_29' title="bbox 295 3468 1491 3552; baseline 0.001 -19"><span class='ocrx_word' id='word_1_212' title='bbox 295 3471 403 3533; x_wconf 87' lang='lat' dir='ltr'>certae</span> <span class='ocrx_word' id='word_1_213' title='bbox 436 3484 592 3550; x_wconf 88' lang='lat' dir='ltr'>personae</span> <span class='ocrx_word' id='word_1_214' title='bbox 621 3469 661 3532; x_wconf 91' lang='lat' dir='ltr'>de</span> <span class='ocrx_word' id='word_1_215' title='bbox 690 3468 908 3550; x_wconf 88' lang='lat' dir='ltr'>universitate,</span> <span class='ocrx_word' id='word_1_216' title='bbox 938 3470 993 3552; x_wconf 90' lang='lat' dir='ltr'>qui</span> <span class='ocrx_word' id='word_1_217' title='bbox 1023 3489 1086 3534; x_wconf 92' lang='lat' dir='ltr'>una</span> <span class='ocrx_word' id='word_1_218' title='bbox 1108 3468 1272 3534; x_wconf 90' lang='lat' dir='ltr'>nobiscum</span> <span class='ocrx_word' id='word_1_219' title='bbox 1301 3469 1354 3534; x_wconf 83' lang='lat' dir='ltr'>vel</span> <span class='ocrx_word' id='word_1_220' title='bbox 1375 3471 1491 3534; x_wconf 86' lang='lat' dir='ltr'>nostris</span> 
     </span>
     <span class='ocr_line' id='line_1_30' title="bbox 297 3569 1493 3656; baseline -0.002 -18"><span class='ocrx_word' id='word_1_221' title='bbox 297 3572 525 3638; x_wconf 76' lang='lat' dir='ltr'>commissaliis</span> <span class='ocrx_word' id='word_1_222' title='bbox 557 3572 605 3638; x_wconf 89' lang='lat' dir='ltr'>ita</span> <span class='ocrx_word' id='word_1_223' title='bbox 637 3572 807 3655; x_wconf 87' lang='lat' dir='ltr'>disponant</span> <span class='ocrx_word' id='word_1_224' title='bbox 848 3577 881 3638; x_wconf 89' lang='lat' dir='ltr'>et</span> <span class='ocrx_word' id='word_1_225' title='bbox 903 3572 1044 3639; x_wconf 90' lang='lat' dir='ltr'>ordinem</span> <span class='ocrx_word' id='word_1_226' title='bbox 1067 3575 1196 3656; x_wconf 87' lang='lat' dir='ltr'>ponant,</span> <span class='ocrx_word' id='word_1_227' title='bbox 1226 3576 1321 3654; x_wconf 90' lang='lat' dir='ltr'>prout</span> <span class='ocrx_word' id='word_1_228' title='bbox 1337 3569 1493 3655; x_wconf 86' lang='lat' dir='ltr'>&#39;competit</span> 
     </span>
     <span class='ocr_line' id='line_1_31' title="bbox 297 3675 844 3760; baseline 0.018 -20"><span class='ocrx_word' id='word_1_229' title='bbox 297 3675 428 3742; x_wconf 88' lang='lat' dir='ltr'>cuilibet</span> <span class='ocrx_word' id='word_1_230' title='bbox 452 3675 605 3745; x_wconf 85' lang='lat' dir='ltr'>facultati.</span> <span class='ocrx_word' id='word_1_231' title='bbox 810 3755 812 3760; x_wconf 11' lang='lat' dir='ltr'>k</span> <span class='ocrx_word' id='word_1_232' title='bbox 842 3747 844 3750; x_wconf 83' lang='lat'>.</span> 
     </span>
    </p>

    <p class='ocr_par' dir='ltr' id='par_1_11' title="bbox 295 3780 1493 4055">
     <span class='ocr_line' id='line_1_32' title="bbox 402 3780 1492 3870; baseline 0.002 -25"><span class='ocrx_word' id='word_1_233' title='bbox 402 3780 492 3862; x_wconf 88' lang='lat' dir='ltr'>Item,</span> <span class='ocrx_word' id='word_1_234' title='bbox 515 3781 600 3863; x_wconf 94' lang='lat' dir='ltr'>quod</span> <span class='ocrx_word' id='word_1_235' title='bbox 623 3781 781 3864; x_wconf 89' lang='lat' dir='ltr'>eligantur</span> <span class='ocrx_word' id='word_1_236' title='bbox 804 3783 976 3848; x_wconf 88' lang='lat' dir='ltr'>consiliarii</span> <span class='ocrx_word' id='word_1_237' title='bbox 996 3783 1067 3848; x_wconf 86' lang='lat' dir='ltr'>slve</span> <span class='ocrx_word' id='word_1_238' title='bbox 1091 3785 1314 3870; x_wconf 85' lang='lat' dir='ltr'>proomatores</span> <span class='ocrx_word' id='word_1_239' title='bbox 1337 3782 1377 3848; x_wconf 92' lang='lat' dir='ltr'>de</span> <span class='ocrx_word' id='word_1_240' title='bbox 1392 3784 1492 3848; x_wconf 90' lang='lat' dir='ltr'>natio-</span> 
     </span>
     <span class='ocr_line' id='line_1_33' title="bbox 295 3883 1493 3970; baseline 0.003 -22"><span class='ocrx_word' id='word_1_241' title='bbox 295 3883 399 3964; x_wconf 91' lang='lat' dir='ltr'>nibus,</span> <span class='ocrx_word' id='word_1_242' title='bbox 424 3886 479 3967; x_wconf 93' lang='lat' dir='ltr'>qui</span> <span class='ocrx_word' id='word_1_243' title='bbox 501 3885 622 3950; x_wconf 88' lang='lat' dir='ltr'>minora</span> <span class='ocrx_word' id='word_1_244' title='bbox 643 3885 728 3953; x_wconf 86' lang='lat' dir='ltr'>facta</span> <span class='ocrx_word' id='word_1_245' title='bbox 750 3887 991 3952; x_wconf 85' lang='lat' dir='ltr'>universitatem</span> <span class='ocrx_word' id='word_1_246' title='bbox 1013 3887 1177 3969; x_wconf 87' lang='lat' dir='ltr'>tangentia</span> <span class='ocrx_word' id='word_1_247' title='bbox 1199 3885 1349 3969; x_wconf 88' lang='lat' dir='ltr'>expedire</span> <span class='ocrx_word' id='word_1_248' title='bbox 1371 3888 1493 3970; x_wconf 89' lang='lat' dir='ltr'>possint</span> 
     </span>
     <span class='ocr_line' id='line_1_34' title="bbox 297 3992 1415 4055; baseline 0.007 -3"><span class='ocrx_word' id='word_1_249' title='bbox 297 4006 369 4053; x_wconf 92' lang='lat' dir='ltr'>cum</span> <span class='ocrx_word' id='word_1_250' title='bbox 391 3992 522 4055; x_wconf 86' lang='lat' dir='ltr'>rectore.</span> <span class='ocrx_word' id='word_1_251' title='bbox 1413 3997 1415 4000; x_wconf 81' lang='grc'><strong>’</strong></span> 
     </span>
    </p>
   </div>
   <div class='ocr_carea' id='block_1_6' title="bbox 296 4092 1567 4838">
    <p class='ocr_par' dir='ltr' id='par_1_12' title="bbox 296 4092 1491 4281">
     <span class='ocr_line' id='line_1_35' title="bbox 398 4092 1491 4176; baseline 0.003 -19"><span class='ocrx_word' id='word_1_252' title='bbox 398 4092 488 4174; x_wconf 88' lang='lat' dir='ltr'>Item,</span> <span class='ocrx_word' id='word_1_253' title='bbox 514 4094 599 4176; x_wconf 93' lang='lat' dir='ltr'>quod</span> <span class='ocrx_word' id='word_1_254' title='bbox 624 4096 865 4161; x_wconf 87' lang='lat' dir='ltr'>convocationes</span> <span class='ocrx_word' id='word_1_255' title='bbox 889 4096 1106 4162; x_wconf 87' lang='lat' dir='ltr'>universitatis</span> <span class='ocrx_word' id='word_1_256' title='bbox 1127 4113 1190 4162; x_wconf 94' lang='lat' dir='ltr'>non</span> <span class='ocrx_word' id='word_1_257' title='bbox 1211 4093 1288 4162; x_wconf 87' lang='lat' dir='ltr'>fiant</span> <span class='ocrx_word' id='word_1_258' title='bbox 1308 4095 1371 4161; x_wconf 92' lang='lat' dir='ltr'>nisi</span> <span class='ocrx_word' id='word_1_259' title='bbox 1388 4096 1491 4162; x_wconf 89' lang='lat' dir='ltr'>debito</span> 
     </span>
     <span class='ocr_line' id='line_1_36' title="bbox 296 4198 1317 4281; baseline 0.005 -19"><span class='ocrx_word' id='word_1_260' title='bbox 296 4200 440 4280; x_wconf 90' lang='lat' dir='ltr'>tempore</span> <span class='ocrx_word' id='word_1_261' title='bbox 463 4199 496 4262; x_wconf 94' lang='lat' dir='ltr'>et</span> <span class='ocrx_word' id='word_1_262' title='bbox 516 4198 707 4264; x_wconf 88' lang='lat' dir='ltr'>necessitate</span> <span class='ocrx_word' id='word_1_263' title='bbox 730 4204 929 4281; x_wconf 85' lang='lat' dir='ltr'>exposcente.</span> <span class='ocrx_word' id='word_1_264' title='bbox 1311 4207 1317 4220; x_wconf 86' lang='lat'><strong><em>¹</em></strong></span> 
     </span>
    </p>

    <p class='ocr_par' dir='ltr' id='par_1_13' title="bbox 300 4300 1567 4838">
     <span class='ocr_line' id='line_1_37' title="bbox 400 4300 1491 4387; baseline 0.002 -22"><span class='ocrx_word' id='word_1_265' title='bbox 400 4300 491 4381; x_wconf 88' lang='lat' dir='ltr'>Item,</span> <span class='ocrx_word' id='word_1_266' title='bbox 525 4303 609 4385; x_wconf 92' lang='lat' dir='ltr'>quod</span> <span class='ocrx_word' id='word_1_267' title='bbox 632 4302 907 4386; x_wconf 86' lang='lat' dir='ltr'>quotienscunque</span> <span class='ocrx_word' id='word_1_268' title='bbox 929 4308 962 4369; x_wconf 88' lang='lat' dir='ltr'>et</span> <span class='ocrx_word' id='word_1_269' title='bbox 985 4304 1235 4387; x_wconf 87' lang='lat' dir='ltr'>quandocunque</span> <span class='ocrx_word' id='word_1_270' title='bbox 1256 4304 1290 4369; x_wconf 87' lang='lat' dir='ltr'>fn</span> <span class='ocrx_word' id='word_1_271' title='bbox 1311 4305 1491 4386; x_wconf 88' lang='lat' dir='ltr'>praemissis</span> 
     </span>
     <span class='ocr_line' id='line_1_38' title="bbox 300 4403 1567 4838; baseline 0.001 -368"><span class='ocrx_word' id='word_1_272' title='bbox 300 4405 351 4471; x_wconf 81' lang='lat' dir='ltr'>vel</span> <span class='ocrx_word' id='word_1_273' title='bbox 373 4405 407 4469; x_wconf 91' lang='lat' dir='ltr'>in</span> <span class='ocrx_word' id='word_1_274' title='bbox 429 4403 535 4486; x_wconf 88' lang='lat' dir='ltr'>aliquo</span> <span class='ocrx_word' id='word_1_275' title='bbox 558 4405 802 4487; x_wconf 89' lang='lat' dir='ltr'>praemissorum</span> <span class='ocrx_word' id='word_1_276' title='bbox 828 4406 944 4490; x_wconf 79' lang='lat' dir='ltr'>aliquis</span> <span class='ocrx_word' id='word_1_277' title='bbox 968 4407 1140 4474; x_wconf 90' lang='lat' dir='ltr'>dubietatis</span> <span class='ocrx_word' id='word_1_278' title='bbox 1171 4409 1337 4491; x_wconf 79' lang='lat' dir='ltr'>soruprdus</span> <span class='ocrx_word' id='word_1_279' title='bbox 1368 4409 1488 4488; x_wconf 86' lang='lat' dir='ltr'>orietur,</span> <span class='ocrx_word' id='word_1_280' title='bbox 1549 4433 1567 4838; x_wconf 37' lang='lat'><em>}</em></span> 
     </span>
    </p>
   </div>
   <div class='ocr_carea' id='block_1_7' title="bbox 0 0 1627 5017">
    <p class='ocr_par' dir='ltr' id='par_1_14' title="bbox 0 0 1627 5017">
     <span class='ocr_line' id='line_1_39' title="bbox 0 0 1627 5017; baseline 0 0"><span class='ocrx_word' id='word_1_281' title='bbox 0 0 1627 5017; x_wconf 95' lang='lat' dir='ltr'> </span> 
     </span>
    </p>
   </div>
  </div>
 </body>
</html>
