3225 5017
331 401 332 405 ,
422 348 487 419 Cap.
505 347 537 402 V.
555 347 770 407 Metallifodinue
789 355 817 402 et
834 304 936 403 urbirro
953 350 1035 418 regio.
1273 355 1321 404 151
1372 335 1375 341 ⁴

137 543 279 605 tonorum
308 540 431 623 argenti
464 561 581 624 augore
610 545 765 624 poterant,
796 542 1026 625 providentiam
1052 543 1323 625 circumspectam,

137 643 256 709 eisdem
279 644 401 711 civibus
424 635 456 712 et
478 647 600 713 civitati
622 647 854 730 Igluuiensibus
871 646 990 713 dudum
1012 649 1103 714 duxit
1124 648 1258 730 gratiam
1279 647 1326 712 f-

136 739 289 831 ciendam,
320 750 404 834 quod
434 751 511 817 dicti
542 753 627 818 cives
656 751 789 836 ipsaque
820 753 932 818 civitas
961 757 1108 820 montana
1137 752 1265 836 argenti
1294 751 1327 815 in

133 850 248 920 Ausk
270 873 393 938 super
413 855 547 922 fluvio
570 858 719 923 Losniz
741 876 925 925 mensurare
947 860 1015 925 sive
1030 877 1232 925 emensurare
1254 873 1328 941 pos-

136 957 210 1039 sint,
243 959 326 1043 quod
353 979 540 1028 ausmezzen
570 961 753 1043 dowtunice,
784 967 819 1027 et
838 962 955 1028 ibidem
986 963 1102 1028 civium
1127 963 1244 1042 laneos,
1274 962 1330 1044 qui

132 1062 343 1144 burgerlehen
365 1066 448 1150 vulg.
472 1072 702 1150 nuncupantur,
733 1067 851 1134 habere
881 1068 1033 1134 debeant:
1062 1067 1131 1133 Nos
1152 1104 1196 1114 —-
1218 1067 1326 1132 decre·

132 1166 238 1232 umus
261 1172 294 1234 et
317 1170 462 1237 volumus
486 1171 655 1253 observari,
680 1172 765 1254 quod
788 1177 846 1238 etc.

240 1306 323 1378 (Orip.
340 1309 369 1362 c'o
383 1310 616 1380 omnipontenti.
636 1311 773 1398 Stcrabcrq
790 1311 851 1365 Urio.
860 1330 891 1379 p.
902 1315 945 1364 85.
958 1341 991 1350 —-
1006 1310 1169 1375 Torooocbolc,
1186 1309 1327 1363 Deo-tochos
1379 1286 1382 1309 ἵ

39 1397 40 1408 ’
132 1391 214 1447 mcor
228 1413 259 1461 ρ.
277 1397 347 1465 331.)

705 1556 748 1624 M.

491 1675 761 1765 Arpcutcfodc‘ooe
784 1677 968 1744 Katocucec.

241 1845 332 1934 1292.
360 1869 408 1934 10.
432 1868 503 1936 Jan.
549 1869 754 1950 Wenceslaus
776 1889 833 1936 rex
855 1921 862 1937 .
887 1921 926 1937 ..
959 1869 1039 1936 (ium
1068 1871 1152 1936 inter
1180 1871 1327 1940 abbatam
1440 1898 1443 1900 ’

132 1974 165 2036 et
190 1976 378 2039 conventum
401 1975 584 2040 monasterii
607 1975 800 2041 Zodliconsis
830 1994 871 2040 cx
892 1995 955 2041 unc
977 1981 1067 2059 parte
1090 1980 1123 2041 et
1144 1977 1326 2044 urburarios
1382 1975 1386 2003 ¹

131 2076 291 2143 Montium
312 2082 489 2144 nostrorum
511 2079 544 2144 in
566 2079 666 2145 Kutta
696 2099 734 2144 ex
764 2080 865 2146 altera
887 2099 983 2173 super
1008 2080 1132 2147 balneis
1163 2086 1196 2146 et
1226 2082 1327 2148 stubis

131 2180 336 2249 balnearibus
360 2183 530 2249 eorundem
553 2184 692 2268 (abbatis
714 2184 776 2250 vid.
802 2189 835 2249 et
852 2185 1035 2251 monasterii
1051 2185 1123 2267 sni),
1146 2204 1226 2267 quas
1247 2189 1326 2251 tom-

129 2304 212 2368 pore
241 2288 377 2376 patris
411 2287 554 2355 Nostri
588 2289 742 2356 carissimi
778 2290 811 2372 (i.
837 2309 863 2355 e.
895 2289 1029 2356 Otakari
1058 2289 1113 2373 11.)
1145 2295 1178 2356 et
1210 2289 1326 2354 Nostro

133 2390 290 2456 hactenus
323 2391 355 2457 in
390 2391 510 2458 eisdam
540 2391 701 2459 Montibus
734 2389 867 2479 pacifice
896 2394 1106 2478 possedoumt
1134 2396 1167 2458 et
1199 2391 1325 2471 habent,

130 2494 250 2562 fuisset
271 2498 415 2581 quaestio
438 2498 592 2564 suscitata
614 2549 622 2564 .
646 2547 655 2566 .
678 2498 696 2566 .'
1232 2528 1234 2533 ·

240 2635 334 2704 (carpta
351 2635 434 2691 oidim
450 2655 517 2690 mou.
536 2636 632 2692 Scdlec.
651 2665 685 2676 -
704 2637 803 2692 Sterob.
826 2637 887 2690 Urk.
905 2639 959 2706 42.)

240 2811 331 2878 1289.
355 2811 472 2896 Syboto
494 2814 646 2896 magister
667 2813 820 2878 montium
842 2813 875 2877 in
889 2812 998 2879 Kottis
1022 2810 1252 2877 contentionem
1271 2811 1326 2876 dc-

132 2916 215 2981 cidit
235 2917 317 2982 inter
347 2919 432 2984 cives
457 2900 677 2985 baslauienses
709 2922 741 2984 et
763 2917 967 2984 Colonienses
998 2917 1117 2983 dudum
1142 2917 1326 2983 ventilatam

131 3022 172 3087 dc
195 3023 451 3104 possessionibus
474 3028 507 3089 et
528 3025 621 3090 metis
643 3024 796 3091 montium
818 3024 901 3089 inter
926 3023 1028 3088 dictas
1051 3023 1197 3088 civitates
1218 3022 1326 3086 invon-
1396 3012 1398 3015 ’

131 3130 247 3194 torum.

239 3249 339 3318 (mmor
356 3247 392 3304 11.
407 3251 495 3318 2729.)

240 3424 331 3491 1291.
356 3423 562 3490 Wenceslaus
590 3443 646 3489 rex
668 3425 728 3471 —“
762 3423 882 3504 domos
911 3424 1100 3505 molendina,
1130 3423 1264 3506 pistrina
1294 3427 1327 3488 et

131 3530 247 3597 balnea
280 3529 362 3596 infra
395 3530 514 3596 limites
551 3527 852 3612 argentifodinarum
881 3547 938 3594 scu
966 3529 1119 3596 montium
1139 3529 1326 3594 Nostrorum

128 3634 278 3717 jacentia,
294 3653 376 3717 quae
390 3635 498 3703 abbati
514 3633 695 3699 Sedlccensi
710 3653 849 3699 annuum
864 3652 994 3700 censum
1007 3634 1172 3715 reddunt,“
1191 3634 1326 3700 absolvit

133 3758 152 3803 a
176 3739 306 3806 tributis
329 3745 399 3822 otc,
426 3740 558 3824 „quibus
582 3738 739 3805 urburarii
762 3744 794 3804 et
811 3737 937 3824 judicos
959 3759 997 3805 ac
1018 3743 1156 3805 rectores
1174 3739 1327 3805 montium

132 3844 263 3910 easdem
293 3845 402 3912 domos
432 3850 490 3912 etc.
515 3846 637 3911 ratione
666 3845 808 3928 ipsarum
839 3845 1003 3910 domorum
1032 3850 1090 3912 etc.
1114 3863 1245 3911 onerare
1274 3863 1326 3909 co-

132 3954 261 4032 nantur,
287 3969 367 4034 quas
388 3951 428 4017 ab
451 3952 497 4017 eis
528 3956 560 4017 et
590 3951 703 4016 ceteris
734 3951 888 4016 montium
901 4010 904 4014 a
918 3952 1090 4017 cultoribus
1119 3950 1324 4036 requirendas

132 4055 310 4122 duximus.“

239 4159 318 4228 (mnu
337 4159 373 4217 11.
393 4163 475 4225 rosa·
493 4161 526 4228 cs.
545 4163 622 4228 1292,
640 4161 727 4230 1562.)

240 4319 332 4387 1300.
379 4318 553 4386 Conductio
591 4323 624 4384 ct
659 4319 782 4385 locatio.
828 4318 871 4384 Et
910 4318 970 4383 hoc
1010 4320 1145 4385 maxime
1184 4318 1250 4384 Nos
1291 4323 1323 4383 et

135 4421 268 4490 Nostros
296 4425 399 4508 tangit
423 4428 596 4505 montanos,
627 4443 664 4489 eo
693 4424 777 4507 quod
800 4443 820 4489 a
843 4424 968 4490 saeculo
998 4441 1060 4489 non
1089 4429 1139 4489 est
1168 4424 1320 4504 auditum,
