3225 5017
841 376 847 383 ,
869 323 999 395 Cap.
1022 324 1132 415 ¹111.-
1171 324 1281 378 Res
1318 323 1599 378 militares,
1753 291 1754 296 ἵ
2308 331 2420 380 'lsffl

37 521 102 582 et
136 517 473 602 justitiam,
520 526 708 602 quam
752 519 912 602 ipsis
957 519 1204 602 pridem
1243 519 1527 585 exhiberi
1557 519 2015 599 mandavimus,
2062 528 2427 600 arroganter

39 627 490 707 opposuerunt,
561 627 919 707 stratasque
954 674 955 677 ,
984 625 1273 706 publicas
1341 623 1713 707 depraedati
1772 627 1937 705 sunt,
2006 642 2164 707 quas
2232 628 2424 688 etiam

35 729 302 794 ulterius
354 746 470 811 per
511 729 912 795 tolerantiam
956 730 1271 796 sustinere
1326 747 1452 794 non
1502 746 1877 811 possumus:
1938 726 2232 794 fidelitati
2272 736 2424 792 tuae

34 834 461 917 praecipimus
507 838 574 899 et
614 834 1006 914 mandamus,
1053 835 1358 916 volenteS,
1405 838 1717 917 quatenus
1760 851 1906 898 mox
1935 834 2090 899 visis
2129 852 2424 916 praeseu-

32 939 207 1005 tibus
252 957 395 1003 cum
425 937 646 1003 amicis
692 943 758 1004 et
785 938 1080 1020 gentibus
1109 938 1238 1004 tuis
1269 939 1430 1009 bene
1459 937 1720 1003 armatis
1752 938 1835 1003 ad
1864 937 2015 1018 Nos,
2061 939 2420 1020 ubieunque

32 1042 168 1108 Nos
199 1061 313 1126 pro
356 1047 509 1107 tunc
555 1043 928 1108 constitutos
972 1043 1306 1124 repereris,
1352 1041 1570 1109 venire
1601 1043 1837 1110 debeas
1869 1043 2007 1110 sine
2034 1060 2224 1108 more.
2276 1044 2420 1108 Dat,

31 1147 280 1231 Pragae
323 1147 430 1213 die
472 1146 699 1212 XVIII.
747 1145 789 1211 J
792 1147 1038 1213 anuarii
1083 1150 1202 1213 etc.

245 1286 324 1353 (E
356 1269 466 1339 cod.
507 1286 666 1352 capit.
707 1287 864 1354 Praq.
904 1288 1072 1341 Form.
1111 1286 1184 1339 II.
1221 1285 1365 1351 117.)

246 1459 486 1527 Fidelis
545 1460 808 1533 dilecte!
874 1459 1073 1526 Prout
1124 1461 1285 1528 alias
1337 1462 1457 1529 tibi
1521 1462 1856 1546 scripsisse
1887 1516 1888 1520 ,
1920 1463 2276 1540 recolimus,
2340 1464 2428 1528 ita

35 1571 105 1632 et
149 1584 314 1631 nunc
358 1562 731 1631 fidelitatem
773 1567 953 1631 tuam
993 1566 1224 1631 iterum
1254 1567 1638 1649 requirimus
1686 1567 1943 1648 seriose,
1993 1571 2300 1649 quatenus
2348 1568 2428 1632 ad

32 1669 502 1753 reprimendam
546 1669 935 1752 proterviam
994 1674 1060 1735 et
1108 1671 1518 1737 rebellionem
1563 1671 1933 1755 Marquardi
1992 1670 2073 1735 de
2115 1671 2428 1736 wurtem-

32 1777 193 1857 berg
239 1775 393 1840 dicti
438 1774 519 1839 de
567 1774 777 1856 Costa,
824 1774 1308 1850 adhaerentium
1351 1780 1417 1842 et
1462 1777 1839 1860 complicum
1879 1794 2152 1856 suorum,
2200 1780 2428 1856 quibus

35 1898 109 1945 se
154 1878 356 1946 Nobis
409 1883 627 1945 contra
687 1879 875 1945 deum
920 1883 985 1944 et
1021 1880 1355 1963 justitiam,
1419 1901 1608 1965 quam
1668 1881 1791 1948 sibi
1842 1881 2089 1964 pridem
2148 1883 2428 1948 exhiberi

32 1984 498 2065 mandavimUS,
544 2001 704 2049 ausu
735 1985 1075 2053 temerario
1106 1989 1474 2067 arroganter
1502 2004 1823 2069 opponere
1848 1992 2428 2069 praesumpserunt,

34 2091 275 2154 stratas
320 2079 510 2154 etiam
554 2088 844 2171 publicas
889 2089 1315 2171 devastantes,
1365 2109 1523 2174 quas
1555 2109 1804 2181 cunque
1841 2089 1987 2176 (sic)
2019 2091 2284 2156 ulterius
2320 2112 2432 2172 per

33 2194 443 2260 tolerantiam
488 2195 802 2271 sustinere
844 2211 970 2259 non
1014 2212 1371 2286 possumuS,
1417 2195 1609 2261 hodie
1654 2195 1736 2261 ad
1781 2199 1940 2262 octo,

250 2331 329 2399 (E
359 2333 469 2384 cod.
515 2330 730 2386 Trebon'.
768 2335 940 2386 Fbrm.
979 2333 1050 2386 II.
1089 2336 1231 2401 117.)

249 2507 790 2574 wenceslaus
837 2512 952 2574 etc.
1043 2508 1298 2575 Fideles
1359 2507 1608 2574 dilecti!
1670 2507 1993 2575 Fidelitati
2038 2516 2288 2576 vestrae
2336 2512 2432 2576 ui*

36 2612 266 2678 stricte
308 2612 734 2695 praecipimus
781 2615 845 2677 et
887 2612 1281 2694 mandamus,
1331 2617 1643 2696 quatenus
1689 2618 1961 2696 quatuor
2002 2615 2324 2680 lanceatus
2372 2620 2436 2680 et

31 2717 308 2784 totidem
352 2717 756 2799 ballistarios,
819 2719 999 2800 equis
1046 2721 1110 2783 et
1154 2719 1347 2784 armis
1392 2719 1554 2785 bene
1599 2719 1963 2801 dispositOS,
2024 2719 2092 2783 in
2136 2724 2428 2804 prumptu

31 2822 280 2888 habere
343 2821 550 2887 modis
618 2821 908 2888 omnibus
977 2822 1284 2902 debeatiS,
1356 2823 1613 2888 eosdem
1672 2841 1862 2904 quam
1918 2823 2192 2905 primum
2256 2828 2432 2888 vohis

32 2925 560 3005 nuntiaverimus,
592 2925 794 2992 Nobis
825 2925 907 2991 ad
938 2926 1243 3009 obsequia
1271 2926 1506 2993 Nostra
1535 2926 1986 2993 transmissuri.
2013 2928 2156 2994 Dat.
2188 2928 2432 3008 Prague

35 3031 147 3095 die
191 3027 372 3096 XXV
414 3029 792 3097 Novembris
839 3033 957 3095 etc.

254 3169 335 3236 (Ε
365 3169 474 3222 ωσι.
512 3156 671 3234 capit.
707 3167 869 3238 Praq.
908 3169 1088 3223 Form.
1124 3168 1196 3222 11.
1235 3171 1381 3236 142.)

253 3341 768 3410 Wenceslaus
799 3347 916 3410 etc.
946 3343 1275 3411 Universis
1307 3349 1373 3411 et
1401 3344 1668 3428 singulis
1712 3345 2049 3413 abbatibus
2072 3349 2188 3412 etc,
2240 3344 2436 3412 vohis

37 3454 106 3515 et
150 3447 230 3515 V.
281 3447 601 3538 devotioni
665 3453 886 3514 tenore
950 3451 1381 3534 praesentium
1437 3449 1864 3533 significamus
1926 3455 2065 3532 etc„
2127 3460 2436 3532 quat-uuus

34 3555 105 3619 in
170 3570 409 3635 casum,
469 3570 594 3637 quo
653 3553 736 3621 ad
795 3573 908 3621 vos
971 3573 1084 3621 seu
1144 3556 1506 3639 quempiam
1564 3559 1846 3622 vestrum
1906 3556 1986 3621 de
2036 3556 2436 3636 assignandis

37 3659 123 3724 ad
156 3661 558 3741 praesentem
589 3660 1053 3742 expeditionem
1083 3660 1384 3726 Nostram
1415 3661 1704 3727 curribus
1734 3679 1811 3727 ex
1844 3660 2160 3727 oblivione
2200 3680 2308 3724 suu
2347 3660 2436 3724 iu-

38 3763 443 3830 advertentia
487 3764 785 3831 mandata
813 3764 1048 3832 Nostra
1091 3766 1511 3849 pervenerint,
1559 3784 1671 3831 vos
1702 3765 1783 3830 ad
1815 3764 2038 3830 eadem
2070 3772 2440 3828 convertere

36 3867 408 3934 nullatenus
467 3868 773 3951 debeatis,
835 3889 952 3936 nec
1011 3871 1203 3938 etiam
1262 3888 1483 3936 currus
1541 3869 1903 3954 hujusmodi
1967 3887 2081 3934 seu
2139 3868 2440 3936 victualia

39 3992 195 4038 cum
238 3972 479 4039 eisdem
540 3973 621 4038 ad
685 3975 1036 4057 cujuspiam
1078 3974 1556 4057 requisitionem
1608 3974 1936 4055 assignare
1980 3976 2436 4054 praesumutiffi

38 4077 139 4142 sic
185 4080 418 4158 tamen,
464 4078 633 4160 quod
678 4077 831 4142 dicti
879 4096 1098 4143 currus
1129 4097 1402 4144 unacum
1432 4079 1814 4143 victualibus
1860 4076 1942 4141 ad
1974 4076 2436 4159 expeditiuuum

34 4180 393 4247 necesariis
437 4201 552 4264 per
595 4200 707 4247 vos
754 4182 1135 4265 adaptentur
1179 4186 1245 4246 et
1287 4182 1642 4248 habeantur
1685 4183 1749 4246 in
1795 4186 2107 4264 promptu,
2172 4188 2244 4244 ut.
2288 4184 2436 4244 dum

34 4285 319 4351 Nosmet
345 4285 518 4368 ipsos
548 4304 802 4370 campos
832 4287 1111 4367 visitare,
1142 4287 1449 4368 vobisque
1479 4305 1592 4369 pro
1617 4286 1857 4351 eisdem
1887 4287 2140 4351 nuntios
2171 4288 2436 4348 Nustrus

38 4391 374 4455 destinare
418 4391 768 4473 contigerit,
830 4391 998 4472 quod
1044 4410 1120 4456 ex
1165 4395 1315 4457 tunc
1359 4391 1423 4455 in
1483 4391 1604 4456 hoc
1648 4390 1825 4456 nulla
1868 4408 1984 4472 per
2026 4408 2139 4455 vos
2184 4392 2436 4472 punitus
