3225 5017
512 336 576 382 18
916 327 1045 397 Cap.
1081 328 1124 381 I.
1160 327 1270 381 Res
1308 326 1379 381 ad
1413 326 1568 395 regni
1604 326 2133 383 administrationem
2172 331 2499 397 spectantes.

509 521 581 577 de
625 520 792 577 Duba
838 518 1051 575 Bezdez
1104 517 1357 575 benivola
1402 524 1585 574 mente
1642 517 1712 574 ad
1764 528 1960 574 manus
2013 519 2198 589 regias
2251 517 2603 589 assignabit.“
2690 518 2912 587 (Chron.

516 607 730 665 Zbrasl.
768 607 840 662 ad
875 622 928 662 a.
964 609 1137 677 1318).

721 714 942 768 Summa
974 711 1177 768 11010110
1214 711 1369 783 platu
1406 727 1465 767 se
1502 711 1638 767 clem
1689 727 1723 767 a
1771 728 1798 767 s
1834 711 1992 768 berni
2045 716 2147 767 588
2182 711 2296 783 kop
2331 728 2410 783 gr.
2447 713 2667 768 Summa
2701 712 2843 767 obile
2879 729 2912 767 a

516 802 626 858 1101·
658 816 734 857 na
767 799 969 856 hotove
1006 799 1232 870 penieze
1268 805 1334 855 25
1363 800 1477 870 kop
1512 805 1580 855 45
1618 799 1832 869 grosov.
1888 801 2106 855 Summa
2139 798 2312 873 platu,
2348 799 2490 855 obile
2524 799 2545 854 i
2580 800 2689 855 kur
2727 800 2912 870 spolu:

522 895 624 944 614
659 890 775 959 kop
812 894 878 942 16
914 903 994 958 gr.
1032 886 1195 954 (zi-iz.
1230 887 1302 942 D.
1337 887 1513 956 Knss.)

722 991 974 1046 Castrum
1014 990 1313 1047 secundum
1348 990 1683 1047 intentiones
1722 991 1903 1047 Caroli
1934 991 2082 1062 regis
2132 1006 2168 1046 a
2204 1006 2374 1062 regno
2411 1007 2523 1048 non
2560 991 2910 1048 alienandum

520 1078 677 1151 (Maj.
713 1078 857 1149 Car.)

730 1269 779 1317 6.
816 1261 1139 1319 Castrum
1172 1260 1628 1331 Kunigstein.
1671 1260 1923 1316 Castrum
1957 1260 2307 1331 Kunigstein,
2344 1260 2451 1316 alio
2488 1260 2708 1317 nomine
2741 1263 2914 1334 Lapis

511 1351 680 1421 Regis
732 1354 1124 1421 nuncupatum,
1176 1348 1321 1403 ultra
1372 1353 1589 1403 montes
1634 1348 1892 1403 Boemiae
1947 1347 2389 1418 septemtrionem
2450 1363 2643 1404 versus
2695 1350 2754 1403 in
2802 1350 2915 1406 alto

518 1445 703 1494 monte
740 1452 905 1507 super
925 1436 1143 1491 Albiam
1180 1435 1542 1503 aedificatum,
1577 1451 1753 1503 usque
1777 1434 1940 1491 hodie
1974 1435 2262 1505 reperitur.
2296 1436 2362 1490 A.
2392 1441 2545 1504 1241,
2579 1430 2666 1491 die
2689 1436 2825 1491 Maii
2853 1443 2919 1507 7.,

516 1543 616 1584 rex
668 1526 996 1582 Boemorum
1049 1522 1409 1579 Wenceslaus
1474 1523 1533 1577 in
1584 1522 1800 1593 Lapide
1861 1522 2007 1593 regis
2068 1522 2468 1579 distinctionem
2523 1522 2710 1579 finium
2774 1525 2917 1581 inter

518 1620 698 1669 terras
734 1611 943 1683 Zagost
978 1616 1034 1666 et
1066 1611 1299 1666 Budisin
1338 1610 1679 1665 confirmavit
1716 1609 1864 1677 (Erb.
1901 1610 2035 1679 Reg.
2065 1610 2107 1664 I.
2148 1614 2320 1680 1030).
2353 1612 2420 1665 A.
2450 1617 2581 1665 1341
2622 1612 2916 1681 obligatum

517 1701 622 1757 fuit
672 1701 849 1771 (Chyt.
884 1699 989 1754 VH
1016 1703 1168 1768 326);
1217 1705 1275 1753 at
1312 1698 1539 1755 Carolus
1573 1714 1675 1752 rex
1709 1696 2040 1767 Kunigstein
2089 1698 2284 1753 castris
2332 1714 2367 1754 a
2413 1714 2585 1769 regno
2633 1714 2746 1754 non
2789 1698 2916 1755 alie-

523 1786 725 1844 nandis
762 1788 1048 1857 aggregari
1082 1785 1320 1842 decrevit
1355 1785 1510 1854 (Maj.
1546 1785 1691 1854 Car.)

730 1984 778 2035 7.
816 1978 1137 2034 Castrum
1180 1977 1607 2048 Ellepogen,
1653 1977 1911 2047 Loket,
1959 1976 2253 2033 Cubitus
2303 1978 2469 2048 (413).
2542 1978 2794 2033 Castrum
2829 1976 2919 2031 fir-

526 2067 830 2123 missimum
854 2066 1037 2122 Loket
1062 2071 1215 2135 1234,
1249 2065 1586 2136 Ellenbogen
1614 2071 1769 2133 1239,
1805 2064 2032 2121 Cubitus
2059 2071 2211 2120 1239.
2249 2064 2427 2135 Caput
2462 2070 2582 2120 erat
2609 2064 2919 2134 provinciae

523 2155 651 2210 olim
676 2153 1033 2222 Sedlecensis,
1070 2158 1265 2224 postea
1292 2152 1622 2221 CubitensiS‚
1657 2152 1896 2223 positum
1938 2168 2102 2223 super
2136 2153 2258 2223 ripa
2282 2153 2457 2221 Ograe
2481 2152 2740 2221 fluminis,
2772 2151 2920 2221 quod

524 2241 718 2311 pedem
755 2240 956 2295 montis
991 2241 1050 2295 in
1084 2240 1313 2296 formam
1351 2240 1517 2294 cubiti
1556 2240 1742 2295 ambit.

733 2344 1033 2400 Castellani
1085 2345 1436 2399 Cubitenses:
1512 2350 1648 2399 1234
1708 2345 1994 2412 SulislauS,
2061 2350 2194 2398 1253
2253 2343 2435 2412 Jaros,
2500 2349 2635 2399 1253
2688 2343 2922 2413 Ulricus‚

527 2438 659 2488 1261
698 2432 982 2488 Jarossius
1020 2431 1087 2487 de
1122 2431 1504 2501 Waldenberg,
1537 2432 1688 2503 {1285
1725 2430 2034 2487 Fridericus
2082 2431 2406 2501 burgravius
2443 2429 2512 2485 de
2545 2432 2920 2500 Nurenberch,

530 2526 665 2575 1294
701 2520 877 2576 Hinco
914 2518 984 2575 de
1017 2519 1388 2589 Lichtenburg
1422 2525 1523 2574 etc.
1593 2520 1951 2590 Temporibus
1988 2519 2243 2574 Ottakari
2277 2520 2346 2574 II.
2394 2518 2725 2575 territorium
2761 2519 2919 2573 Cubi-

527 2615 702 2676 tense,
739 2607 865 2663 olim
890 2608 1176 2676 Slavicum,
1209 2606 1476 2676 repletum
1502 2612 1588 2661 est
1610 2607 2010 2660 habitatoribus
2034 2606 2365 2674 TeutoniciS,
2402 2606 2764 2675 gaudentibus
2794 2606 2934 2673 jure

529 2694 875 2749 vasallorum.
913 2694 1140 2749 Cubitus
1178 2700 1416 2750 castrum
1455 2692 1751 2749 secundum
1787 2692 2146 2748 intentionem
2173 2693 2354 2749 Caroli
2372 2693 2467 2748 IV.
2504 2709 2614 2748 non
2639 2700 2759 2749 erat
2790 2692 2919 2748 alie·

530 2780 771 2836 nandum
810 2780 963 2849 (Maj.
1002 2780 1144 2850 Car.)

740 2968 790 3017 8.
828 2963 1153 3017 Castrum
1187 2962 1494 3032 Primda,
1528 2962 2026 3035 Pfreimtberg,
2060 2963 2419 3036 Frimberg
2455 2968 2616 3036 (396).
2671 2966 2922 3022 Castrum

531 3051 589 3107 in
626 3050 772 3105 Silva
804 3048 1099 3104 Bohemica
1147 3065 1339 3105 versus
1373 3051 1664 3105 Bavariam
1713 3067 1879 3121 super
1916 3050 2071 3107 fonte
2105 3050 2255 3107 fluvii
2289 3052 2508 3108 Primda
2543 3053 2806 3123 (Pfreimt)
2844 3069 2924 3108 ca.

534 3143 669 3193 1233
694 3133 1054 3202 aedificatum,
1090 3134 1235 3188 unde
1258 3152 1482 3190 nomen:
1519 3136 1895 3207 Pfreimtberg,
1917 3138 2214 3208 Frimberg.
2254 3140 2548 3195 Castellani
2571 3141 2732 3210 regii:
2772 3148 2924 3208 1233,

536 3229 671 3280 1237
705 3223 954 3292 Neostup
990 3221 1299 3292 praefectus
1338 3222 1405 3277 de
1440 3223 1677 3293 Primda,
1715 3230 1848 3279 1250
1883 3225 2109 3280 Ratmir.

740 3327 1097 3397 Temporibus
1134 3327 1369 3383 Joannis
1415 3330 1560 3399 regis
1609 3336 1848 3386 castrum
1893 3329 2113 3384 Primda
2161 3346 2195 3385 a
2241 3328 2460 3385 domino
2496 3330 2787 3387 Wilhelmo
2824 3332 2924 3387 Le·

535 3432 670 3487 pore
717 3414 784 3469 de
820 3413 1056 3470 Waldek
1105 3422 1427 3487 occupatum
1478 3422 1611 3472 erat.
1686 3417 1885 3485 (Grave
1933 3424 2019 3471 est
2051 3417 2346 3472 Wilhelmo
2390 3418 2593 3489 Lepori
2633 3418 2928 3486 Veronam,

534 3504 673 3557 Tust
734 3502 978 3557 civitates
1042 3503 1158 3572 regi
1221 3503 1466 3574 reddere,
1531 3504 1749 3573 gravius
1802 3504 2142 3574 Burgilinum
2203 3510 2259 3559 et
2309 3504 2643 3561 Frimberch.
2727 3506 2928 3561 Chron.

538 3587 803 3645 Zbraslav
839 3588 909 3643 ad
945 3605 995 3644 a.
1035 3592 1207 3660 1318.)

746 3693 940 3750 Castro
963 3694 1271 3750 Primdensi
1306 3694 1561 3767 asscripti
1596 3702 1753 3751 erant
1788 3696 1973 3751 villani
2005 3697 2251 3751 villarum
2278 3696 2563 3752 Gadrusch
2589 3700 2751 3768 (396),
2788 3698 2928 3754 Cun-

537 3783 698 3838 ratitz
755 3784 918 3851 (397),
987 3782 1257 3837 Drisklob
1329 3782 1680 3853 (Triskolupy
1736 3785 1899 3852 (397),
1970 3784 2145 3854 Rayal
2218 3784 2361 3852 (Rail
2431 3788 2554 3853 396)
2626 3792 2682 3840 et
2752 3785 2931 3843 Orlaw

540 3869 732 3936 (Urlau
756 3871 897 3938 397).
933 3868 969 3921 J
972 3883 1180 3924 oannes
1215 3883 1313 3922 rex
1336 3868 1656 3926 Frenczlino
1693 3869 1888 3925 Jacobi
1922 3869 1991 3927 de
2024 3872 2204 3941 Praga
2236 3888 2338 3943 pro
2374 3871 2557 3927 debito
2594 3877 2730 3926 5000
2755 3889 2822 3927 111.
2850 3889 2929 3943 gr.

538 3957 627 4010 Pr.
673 3955 798 4010 den.
845 3960 1083 4013 castrum
1119 3954 1449 4026 Frymberch
1497 3974 1618 4011 cum
1667 3957 1936 4013 universis
1985 3965 2039 4014 et
2087 3958 2316 4029 singulis
2360 3958 2592 4029 oppidiS,
2638 3959 2780 4014 villis
2829 3966 2931 4015 etc.

541 4042 814 4111 obligavit.
850 4041 1093 4109 (Summa
1128 4041 1290 4096 Gerh.
1327 4045 1431 4109 66.)

748 4144 870 4198 Hoc
920 4149 1157 4199 castrum
1210 4146 1493 4202 terminale
1545 4162 1616 4201 ex
1667 4148 1775 4204 illis
1831 4155 1966 4219 erat,
2023 4165 2166 4220 quae
2222 4150 2517 4205 secundum
2570 4151 2928 4208 intentionem

544 4233 724 4289 Caroli
757 4230 851 4285 IV.
887 4248 1000 4286 non
1036 4238 1191 4286 erant
1227 4232 1543 4304 alienanda3
1581 4240 1643 4289 at
1671 4235 1788 4305 ,iam
1825 4254 1876 4293 a.
1909 4242 2042 4292 1353
2078 4236 2497 4308 impignoratum
2533 4245 2619 4295 est
2630 4258 2647 4310 3
2684 4239 2929 4294 similiter

545 4338 580 4375 a
614 4318 960 4391 Sigismundo
1007 4334 1137 4389 rege
1184 4335 1233 4375 a.
1273 4326 1423 4376 1421.
1492 4321 1649 4377 Hrad
1681 4324 1916 4395 Pfimda‚
1962 4324 2162 4380 kterak
2197 4328 2286 4379 ma
2331 4324 2475 4379 krali
2520 4341 2556 4381 a
2601 4326 2927 4382 urednssxom

538 4407 672 4478 jeho
707 4406 953 4477 vidycky
988 4405 1067 4460 ku
1101 4408 1383 4476 potrebam
1421 4411 1631 4466 otevi'in
1668 4412 1796 4482 byti.
1866 4411 2051 4480 (Arch.
2085 4411 2129 4468 Ι.
2166 4415 2306 4479 512).
