3225 5017
987 320 1116 390 Gap.
1153 321 1298 376 Vm.
1347 323 1457 377 Res
1494 322 1923 376 ecclesiasticae.
2225 336 2235 355 ⁸
2547 321 2644 375 211

263 517 484 582 vonica
504 516 725 598 lingua
742 514 1158 581 existentibus
1174 515 1408 580 missae
1427 517 1492 579 et
1522 515 1692 584 aliae
1708 513 1903 579 horae
1928 512 2266 578 canonicae
2290 510 2372 575 ad
2395 508 2649 575 laudem

260 622 492 689 Christi
535 604 869 690 incorum
913 620 1161 702 vulgari
1207 620 1295 685 de
1332 620 1589 685 licentia
1635 623 1701 685 et
1744 638 1821 683 ex
1866 617 2111 684 indulto
2174 616 2344 681 sedis
2396 618 2649 696 aposto-

257 729 415 791 licae
458 725 756 806 leguntur
808 729 874 790 et
895 727 1110 817 ‘etiam
1157 725 1589 804 decantantur,
1654 727 1733 795 etr
1775 722 1945 805 quod
2004 722 2203 785 multa
2261 719 2647 785 monasteria

253 835 316 895 et
345 831 486 894 loca
514 829 966 895 monachorum
993 831 1317 911 nigrorum
1348 827 1560 893 Sancti
1600 827 1932 893 Benedicti
1963 829 2028 889 et
2057 824 2325 889 aliorum
2356 824 2647 888 ordinum

250 937 313 1003 in
360 936 495 1002 illis
541 935 831 1017 partibus
875 934 1240 1018 hujusmodi
1284 935 1478 1000 ritum
1524 946 1601 998 ex
1647 934 1908 1015 antiqua
1954 929 2409 998 consuetudine
2438 947 2643 1010 usque

254 1041 318 1106 in
363 1040 739 1106 hodiernum
786 1039 956 1105 diem
993 1039 1371 1120 tenentium,
1416 1042 1675 1121 propter
1715 1037 1931 1119 brigas
1944 1097 1959 1104 .,
1977 1039 2043 1100 31
2085 1051 2345 1116 guerras
2390 1034 2645 1098 illarum

256 1146 536 1228 partium
580 1144 905 1213 destructa
949 1147 1015 1210 et
1056 1144 1138 1209 ad
1180 1144 1448 1210 nihilum
1507 1146 1656 1211 sunt
1703 1141 1981 1220 redacta,
2041 1137 2332 1205 monachi
2394 1156 2647 1221 quoque

257 1254 324 1314 et
390 1249 622 1315 fratres
693 1249 1219 1317 monasteriorum
1285 1253 1351 1313 et
1422 1249 1705 1314 locorum
1776 1244 2245 1329 praedictorum
2316 1243 2646 1310 occasione

252 1353 616 1438 hujusmodi
661 1370 780 1419 nec
816 1353 954 1418 Deo
985 1362 1102 1418 nec
1137 1353 1496 1419 christianis
1525 1350 1849 1435 proficere,
1879 1369 1997 1415 nec
2034 1350 2229 1415 etiam
2261 1347 2643 1414 monasteria
2726 1381 2738 1393 ·

254 1464 317 1524 et
362 1459 506 1524 loca
545 1459 831 1540 ipsorum
865 1458 1199 1527 'commode
1243 1459 1527 1524 obtinere
1571 1458 1856 1523 valentes
1900 1456 2228 1520 remanent
2262 1452 2642 1536 vagabundi,

247 1567 510 1646 propter
554 1563 723 1647 quod
757 1562 978 1629 'cultus
1022 1561 1274 1629 divinus
1318 1566 1385 1628 et
1418 1560 1589 1628 fides
1633 1561 1975 1629 christiana
2041 1560 2109 1625 in
2167 1557 2295 1624 illis
2354 1558 2643 1640 partibus

247 1669 570 1735 minuitur.
1378 1696 1381 1699 ·

451 1771 615 1838 Cum
679 1775 910 1852 autem,
982 1772 1148 1839 sicut
1210 1772 1574 1856 hujusmodi
1640 1771 1983 1838 insinuatio
2054 1767 2493 1852 subjungebat,
2574 1767 2642 1832 111

243 1875 594 1944 confinibus
639 1881 704 1942 et
747 1878 915 1942 circa
958 1881 1171 1959 partes
1215 1878 1394 1960 regni
1438 1877 1757 1956 Boemiae,
1820 1893 1984 1958 quae
2029 1875 2109 1938 de
2153 1872 2376 1938 eadem
2419 1871 2637 1953 lingua

243 1988 305 2048 et
351 1982 602 2064 vulgari
647 1983 943 2064 existunt,
1007 1986 1155 2047 sunt
1196 1982 1378 2047 multi
1425 1980 1813 2047 schismatici
1874 1984 1939 2045 et
1980 1977 2287 2058 infideleS,
2336 1977 2445 2060 qui
2498 1995 2641 2042 cum

242 2088 335 2153 eis
385 2106 569 2153 sacra
613 2087 926 2170 scriptura
983 2087 1179 2153 latine
1224 2087 1476 2166 dicitur,
1525 2087 1862 2168 exponitur
1900 2084 2003 2150 vel
2048 2082 2469 2167 praedicatur,
2504 2100 2642 2146 *nec

244 2191 604 2274 intelligere
665 2193 887 2257 volunt
944 2210 1061 2256 nec
1125 2191 1450 2260 commode
1509 2191 1590 2256 ad
1659 2187 1846 2256 fidem
1908 2189 2317 2256 christianam
2374 2190 2643 2269 possunt

245 2296 546 2376 converti,
615 2295 898 2377 dictique
971 2295 1263 2360 monachi
1337 2300 1403 2362 et
1473 2294 1701 2361 fratres
1779 2295 2074 2376 vulgares
2149 2291 2637 2376 praedicatoreS,

242 2403 438 2466 ritum
482 2401 880 2484 praedictum
922 2400 1246 2481 habentes,
1292 2401 1359 2466 in
1422 2400 1592 2467 dicto
1651 2419 1845 2482 regno
1881 2404 2002 2464 'et‘
2028 2396 2231 2482 ipsius
2292 2393 2638 2463 confinibus

249 2523 497 2571 summe
539 2505 886 2572 necessarii
931 2508 999 2570 et
1040 2505 1230 2572 utiles
1277 2524 1390 2587 pro
1435 2506 1566 2571 Dei*
1600 2504 1792 2593 laude
1836 2507 1903 2570 et
1931 2504 2445 2584 augmentatione
2476 2500 2639 2566 chri-

245 2611 492 2677 stianae
536 2607 688 2676 fidei
733 2627 875 2676 esse
921 2613 1296 2676 noscantur:
1355 2610 1525 2675 idem
1565 2608 1845 2675 marchio
1886 2608 2071 2674 nobis
2118 2607 2445 2672 humiliter
2490 2623 2637 2687 sup-

241 2715 522 2798 plicavit,
569 2718 643 2780 ut
686 2713 928 2781 eisdem
954 2713 1271 2782 'fi'atribus
1315 2719 1383 2779 et
1425 2715 1762 2796 religiosiS,
1813 2712 1982 2796 quod
2014 2714 2080 2779 in
2109 2729 2302 2794 regno
2333 2711 2635 2776 Boemiae

241 2825 305 2886 et
365 2817 714 2886 confinibus
774 2818 1158 2902 supradictis
1216 2821 1356 2886 loca
1417 2819 1671 2902 eligere,
1733 2818 1802 2882 in
1859 2817 2089 2900 quibus
2149 2819 2215 2882 et
2259 2816 2427 2881 circa
2471 2834 2635 2898 quae

238 2924 489 3007 possint
531 2927 702 2990 stare
746 2927 813 2988 et
855 2922 1119 2988 verbum
1162 2923 1284 2991 Dei
1330 2941 1665 3006 exponere,
1713 2922 2084 3004 praedicare
2114 2924 2181 2988 et
2208 2922 2438 2986 missas
2471 2921 2634 2987 cele-

234 3030 430 3095 brare
474 3027 821 3093 secundum
864 3029 1059 3093 ritum
1103 3032 1169 3092 et
1213 3025 1738 3093 consuetudinem
1782 3026 2059 3108 partium
2087 3025 2390 3107 ipsarum,
2437 3027 2632 3092 licen-

251 3133 410 3201 tiam
459 3131 823 3212 concedere,
870 3132 951 3196 de
993 3132 1259 3214 speciali
1299 3133 1504 3214 gratia
1547 3131 1967 3212 dignaremur.

445 3236 578 3302 Nos
621 3237 818 3319 igitur
862 3236 941 3301 de
985 3236 1328 3318 praedictis
1373 3236 1664 3302 notitiam
1708 3252 1834 3300 non
1870 3234 2193 3315 habenteS,
2240 3233 2625 3302 fraternitati

233 3346 401 3422 tuae,
453 3341 532 3405 de
578 3360 702 3424 qua
747 3340 996 3422 plenam
1041 3341 1106 3405 in
1151 3340 1429 3407 Domino.
1475 3339 1773 3419 fiduciam
1817 3340 2114 3422 gerimus,
2171 3338 2413 3406 eisdem
2455 3359 2631 3406 mon-

234 3446 407 3512 achis
469 3460 584 3511 seu
642 3444 942 3511 fratribus
1005 3445 1158 3512 dicti
1219 3444 1278 3512 S.
1341 3446 1672 3512 Benedicti
1730 3446 1833 3511 vel
1894 3445 2155 3512 alterius
2217 3445 2455 3510 ordinis
2511 3465 2626 3528 per

235 3551 451 3616 sedem
495 3548 760 3616 eandem
806 3550 1188 3631 approbatiS,
1256 3551 1605 3633 recipiendi
1659 3569 1855 3615 unum
1919 3550 2126 3615 locum
2186 3549 2515 3615 dumtaxat
2556 3551 2622 3616 in

235 3654 400 3719 dicto
446 3672 640 3736 regno
686 3654 787 3720 vel
831 3655 968 3737 ejus
1016 3651 1382 3734 confinibuS,
1442 3656 1509 3720 in
1566 3672 1691 3737 quo
1754 3672 2007 3721 servare
2066 3654 2320 3721 valeant
2385 3655 2624 3721 dictum

233 3760 441 3840 ritum,
474 3760 635 3824 alias
657 3764 871 3826 tamen
899 3777 1014 3841 per
1029 3760 1707 3842 sedem‘approbatum,
1740 3758 2006 3825 eandem
2035 3760 2376 3828 autoritate
2402 3763 2620 3827 nostra

235 3866 539 3931 concedas
562 3864 816 3948 plenum
839 3868 904 3931 et
925 3864 1192 3931 liberam
1214 3863 1599 3945 facultatem,
1617 3865 1763 3948 jure
1778 3867 1990 3930 tamen
2007 3863 2392 3945 parochialis
2416 3866 2617 3930 eccle-

234 3971 363 4033 siae
407 3970 610 4050 ipsius
656 3967 804 4047 loci,
848 3986 1032 4049 quem
1079 3972 1150 4032 ut
1194 3969 1641 4050 praemittitur,
1688 3968 1841 4034 dicti
1894 3969 2184 4035 monachi
2232 3987 2345 4035 seu
2389 3967 2619 4035 fratres

233 4075 620 4156 receperunt,
669 4076 733 4137 et
779 4071 1117 4156 cujuslibet
1161 4073 1422 4143 alterius
1457 4073 1648 4139 alieni
1694 4073 1758 4137 in
1798 4072 2084 4138 omnibus
2131 4091 2381 4156 semper
2425 4075 2616 4140 salvo.

433 4178 673 4243 Datum
715 4176 1026 4244 Avinione
1086 4175 1223 4242 VII.
1288 4177 1466 4244 Idus'
1507 4178 1683 4258 Maii,
1742 4174 2147 4261 pontificatus
2206 4180 2409 4244 nostri
2456 4197 2617 4244 anno

243 4286 481 4363 quart0.
2219 4294 2224 4298 ·

440 4402 546 4469 (Ex
579 4400 796 4472 regii-stro
834 4398 1136 4459 Sclavorum
1174 4403 1341 4459 Pelzel
1384 4399 1510 4459 Oarl
1547 4404 1646 4460 IV.
1690 4404 1811 4458 Urk.
1847 4403 2162 4473 LXXXII.)
2249 4417 2253 4422 '

2310 4490 2407 4546 14*
