3225 5017
571 273 636 342 Gap.
653 272 700 326 IX.
718 262 897 329 Universitas.
1275 278 1325 326 247

134 464 281 548 Wessell,
314 465 379 531 Bor
409 465 502 531 etin
531 465 604 531 aliis
632 465 711 531 locis
733 465 884 546 obtineat,
915 484 986 532 cum
1009 465 1124 548 quibus
1154 469 1186 530 et
1216 483 1323 532 eorum

132 569 288 636 reditibus
309 571 415 654 ipsum
440 567 585 636 Studium
614 567 785 636 honorifice
813 570 891 651 regi,
922 565 1125 635 laudabiliter
1153 568 1322 658 gubernari

132 675 166 737 et
197 673 231 738 in
263 690 320 738 suo
354 676 440 740 statu
473 673 652 738 conservari
675 672 813 754 debebit,
843 672 946 738 eidem
977 669 1088 740 Studio
1120 675 1152 738 et
1172 691 1230 755 pro
1254 674 1323 757 ejus
1459 677 1461 684 ’

131 774 218 841 felici
239 770 408 860 augmento
431 776 603 844 concedere
625 781 659 842 et
675 777 840 859 indulgere
856 813 898 824 —
913 777 1057 860 velimus,
1082 777 1166 863 quod
1180 776 1324 843 homines

131 880 279 946 villarum
300 880 456 949 dictarum
479 887 512 949 et
533 881 589 948 alii
610 881 651 947 ad
672 881 778 964 ipsum
797 879 945 947 Studium
959 881 1155 964 pertinentes
1169 881 1203 947 in
1219 881 1324 947 causis

131 985 326 1068 quibuslibet
355 1004 461 1051 coram
489 984 589 1053 Nobis
620 982 798 1050 et‘Nostris
824 984 1070 1067 successoribus,
1101 985 1252 1052 Boemiae
1275 1005 1325 1051 re-

131 1089 235 1170 gibus,
258 1089 500 1156 subcamerariis
521 1089 623 1172 Regni
645 1087 754 1156 Nostri
778 1140 785 1156 .
810 1139 818 1157 .
843 1140 850 1156 .
874 1093 908 1156 et
929 1089 1119 1172 specialibus
1142 1091 1324 1156 commissa-

130 1194 189 1259 riis
211 1231 264 1277 -,
299 1199 333 1260 et
360 1211 422 1260 non
451 1194 537 1278 alibi,
572 1194 612 1260 dc
634 1211 669 1260 se
700 1194 964 1278 conquerentibus
993 1193 1166 1279 injudicio
1188 1193 1325 1262 debeant

130 1298 332 1381 respondere.

237 1419 320 1489 (Orig.
332 1421 404 1474 orob.
421 1419 495 1474 Unio.
514 1419 594 1491 Prcp.
611 1450 644 1461 -
663 1421 747 1476 Pclzel
758 1420 864 1476 Ablata
882 1419 971 1488 nup.
988 1419 1037 1476 IX.
1054 1451 1089 1462 —
1106 1421 1138 1474 L.
1147 1421 1233 1476 cht
1250 1421 1325 1489 252.)

236 1559 305 1643 Ego
338 1557 513 1626 chzlinus
545 1560 650 1628 dictus
683 1540 951 1648 Ben(eschawer),
986 1561 1065 1629 civis
1101 1561 1234 1646 Majoris
1272 1560 1324 1628 ci-

132 1664 243 1730 vitatis
263 1663 443 1748 Progensis,
464 1701 509 1714 -·
530 1663 633 1735 fateor
653 1670 686 1731 et
706 1684 906 1749 recognosco,
933 1684 984 1732 me
1006 1651 1114 1734 villam
1139 1685 1243 1732 meam
1264 1665 1324 1731 Po·

131 1768 255 1834 carnion
278 1786 350 1834 cum
371 1770 546 1836 munitione
575 1774 609 1836 et
641 1771 737 1854 curin,
771 1771 813 1837 ad
836 1790 931 1855 quam
953 1772 1112 1854 pertinent
1141 1775 1211 1837 octo
1241 1770 1325 1838 lanei

130 1873 354 1955 agriculturae,
375 1891 498 1940 necnon
519 1878 642 1958 partem
664 1879 698 1940 et
719 1893 848 1941 censum
876 1875 972 1941 ullae
1001 1873 1135 1942 Τ1111111
1157 1925 1165 1942 .
1189 1925 1197 1942 .
1221 1925 1228 1942 .
1253 1894 1325 1941 cum

130 1977 278 2044 omnibus
309 1979 545 2062 proventibus.
570 2028 641 2045 ...
673 1981 760 2064 justo
788 1980 979 2048 venditionis
1009 1980 1102 2046 titulo
1132 1979 1325 2047 hereditarie

129 2081 315 2148 vendidisse
335 2102 400 2152 rev.
423 2085 457 2149 in
479 2084 536 2151 ch.
559 2086 643 2168 patri
666 2084 813 2170 (Amesto
829 2085 940 2169 areb),
961 2085 1147 2152 cancellario
1170 2085 1325 2151 universi-

129 2186 209 2251 tatis
231 2185 335 2252 Studii
356 2187 535 2272 Pragcnsis,
570 2190 686 2256 ementi
717 2190 800 2257 bona
829 2191 870 2256 ad
902 2208 997 2256 usum
1019 2189 1124 2256 Studii
1156 2189 1324 2273 Pragensis

129 2289 195 2356 vid.
218 2309 276 2376 pro
298 2291 414 2358 salario
437 2344 444 2360 .
469 2344 476 2360 .
501 2345 508 2360 .
543 2294 716 2378 doctorum,
746 2295 969 2380 magistrorum
999 2298 1032 2361 et
1064 2295 1198 2362 aliorum
1218 2295 1325 2378 legen-

128 2395 212 2460 tium
232 2397 267 2460 11
286 2394 399 2463 Studio
427 2398 600 2481 praedicto,
635 2418 692 2484 pro
724 2400 914 2486 octingentis
950 2417 1014 2466 sex.
1050 2419 1095 2484 gr.
1131 2400 1201 2466 den.
1223 2399 1324 2481 Prag;

131 2518 229 2584 quam
251 2501 379 2584 quidem
401 2502 569 2586 pecuniam
593 2523 612 2568 a
642 2503 727 2571 dicto
750 2506 877 2573 domino
901 2556 908 2573 .
933 2555 940 2572 .
965 2555 973 2572 .
1008 2505 1245 2588 archiepiscopo
1274 2521 1325 2569 me

128 2603 436 2690 fateorpercepisse
458 2607 590 2674 etmihi
619 2627 678 2692 per
707 2628 780 2677 eum
809 2612 842 2676 in
871 2613 1037 2677 numerata
1068 2609 1203 2694 pecunia
1231 2607 1326 2674 satis-

130 2708 251 2775 factum
273 2728 345 2785 esse
366 2711 580 2795 intergraliter
601 2715 635 2778 et
654 2713 690 2778 in
711 2716 787 2782 toto.

237 2831 323 2901 (Onna.
341 2830 455 2887 Amasti.
492 2833 583 2888 Tadra
596 2851 627 2900 p.
645 2833 718 2904 616.)

235 2990 302 3058 Nos
341 2990 497 3059 Arnestus
534 2996 593 3058 etc.
745 2993 831 3077 quod
872 3011 945 3060 cum
982 2992 1099 3060 Divina
1138 2991 1325 3078 disponente

129 3095 331 3180 providentia
358 3097 496 3163 ecclesia
522 3101 632 3163 nostra
658 3097 829 3180 Progensis
855 3098 888 3164 in
911 3098 1111 3183 metropolim
1143 3100 1186 3164 sit
1207 3102 1323 3180 erecta,

130 3201 243 3284 sicque
262 3217 320 3268 nos
351 3201 391 3267 de
419 3201 625 3284 proventibus
658 3202 753 3268 unius
783 3202 983 3286 praebendae
1015 3221 1072 3286 pro
1106 3203 1257 3286 magistro
1291 3205 1325 3269 in

129 3302 301 3388 theologia,
331 3306 387 3390 qni
409 3307 589 3372 sacerdotes
616 3309 649 3371 et
669 3305 750 3372 alios
771 3307 805 3372 11
828 3324 919 3373 sacra
942 3309 1059 3392 pagina
1081 3308 1210 3374 doceret
1238 3309 1325 3374 etin

130 3409 196 3491 hiis
224 3410 421 3494 praesertim,
452 3429 535 3496 quae
564 3411 606 3478 ad
635 3412 812 3478 animarum
846 3429 954 3480 curam
976 3417 1122 3498 spectare
1142 3416 1324 3492 noscuntur,

132 3513 301 3598 providero
321 3518 495 3597 teneamm,
518 3517 578 3581 etc.
602 3563 611 3581 .
635 3564 674 3582 ..
706 3514 746 3580 de
777 3516 869 3584 bonis
903 3519 1020 3586 nostris
1053 3515 1324 3603 patrimonialibus

130 3620 229 3686 villae
257 3619 364 3686 dictae
392 3619 558 3686 Hrzminin
588 3619 847 3706 (Bolaolaviensis
869 3624 1075 3710 provinciae),
1097 3624 1130 3689 in
1159 3639 1223 3707 qua
1252 3624 1327 3687 sunt

134 3726 178 3791 14
197 3725 283 3792 lanei
305 3745 377 3793 cum
395 3725 526 3793 dimidio
542 3729 575 3792 et
588 3745 652 3792 una
665 3726 806 3807 taberna,
831 3727 872 3793 de
894 3729 1009 3812 quibos
1024 3727 1187 3795 1111111111
1201 3726 1244 3792 20
1260 3744 1323 3792 sex.

132 3852 206 3900 cnm
237 3833 380 3916 dimidia,
412 3853 469 3900 sen
500 3835 603 3917 grossi
632 3838 665 3901 et
693 3852 750 3902 sex
775 3833 868 3918 parvi
899 3834 1020 3899 denarii
1056 3849 1170 3899 census
1199 3831 1325 3896 nomine

131 3940 174 4007 ab
207 3939 319 4006 incolis
351 3940 450 4008 villae
481 3939 586 4007 dictae
618 3940 850 4024 persolvuntur,
881 3938 998 4004 additis
1035 3938 1076 4004 ad
1109 3937 1170 4004 hoc
1202 3936 1325 4003 duobus

132 4046 235 4112 laneis
267 4049 301 4112 et
332 4045 470 4130 quamali
502 4045 535 4110 in
568 4044 645 4111 villa
675 4042 794 4109 Nostra
828 4042 915 4110 dicta
945 4041 1074 4109 Wazicz
1108 4040 1325 4127 (Gradicensis

131 4153 248 4235 pron),
271 4151 441 4235 dequibus
458 4153 524 4216 tres
547 4167 612 4214 aex.
634 4167 680 4231 gr.
703 4151 737 4214 et
760 4148 800 4212 17
824 4167 871 4230 gr.
894 4147 1041 4214 similiter
1064 4164 1178 4214 census
1199 4145 1325 4211 nomine

132 4256 366 4340 persolvuntur.
390 4306 398 4323 .
422 4305 431 4321 .
455 4305 462 4322 .

239 4359 325 4431 (02⁴9.
343 4362 413 4414 arob.
432 4357 516 4426 Oapc‘t.
534 4357 613 4428 1119.
632 4359 726 4426 Pclzcl,
742 4355 847 4412 Abbi-ld.
866 4355 918 4410 ΙΙΙ.
933 4374 962 4423 1).
980 4353 1108 4424 XXVII.)
