3225 5017
913 307 1046 377 Cap.
1082 267 1323 363 HLRes
1359 273 1639 362 militares.
1759 336 1760 339 =
2372 312 2468 360 1111

87 506 236 570 sunt
276 502 347 568 in.
388 500 646 568 civitate
692 498 1010 581 Coloniae,
1054 499 1123 565 in
1157 499 1384 583 portis,
1431 498 1732 581 turribus,
1778 496 2132 576 altitudine,
2180 500 2472 580 spissitu-

84 607 251 688 dine,
295 605 564 672 moeniis
608 608 674 672 et
716 604 859 671 aliis
908 605 1402 689 quibuscunque.
1493 603 1634 671 Hoc
1693 605 1940 670 secluso
1996 608 2472 684 verumptamen

87 718 152 778 et
182 714 446 795 excepto
477 729 552 776 ac
583 709 847 793 speciali
879 711 1153 793 quadam
1182 709 1548 777 differencia
1584 708 1902 789 denotata,
1948 708 2120 792 quud,
2152 708 2472 784 circuitus,

89 818 319 900 quibus
347 815 388 881 J
393 834 599 880 ermer
628 815 852 881 civitas
880 815 1069 881 debet
1099 816 1343 897 ambiri,
1374 819 1590 882 tantae
1622 812 1996 897 quantitatis
2028 812 2168 892 crit,
2200 832 2284 892 qu
2292 816 2476 876 antae

89 921 390 987 circuitus
437 919 714 986 civitatis
757 918 1030 986 Nostrae
1076 919 1346 1002 Gurrim,
1409 925 1499 987 etv
1531 922 1775 985 tantam
1830 916 1996 984 infra
2040 936 2108 980 se
2156 916 2476 980 includant

87 1025 247 1092 dicti
287 1025 452 1091 muri
494 1022 537 1089 J
539 1042 747 1090 ermer
772 1024 976 1107 'spacii
1006 1025 1443 1107 quantitatem,
1490 1027 1793 1108 quantam
1822 1021 1976 1088 dicti
2008 1020 2172 1084 muri
2200 1020 2268 1084 iu
2296 1036 2476 1100 prae-

88 1130 262 1196 dicta
306 1129 565 1196 civitate
610 1128 859 1195 Currim
904 1128 1226 1194 continent
1267 1132 1335 1194 et
1377 1129 1774 1195 concludunt.
1860 1127 2041 1192 Istud
2088 1132 2300 1192 autem
2344 1144 2480 1188 mu-

86 1252 303 1301 rorum
347 1251 507 1317 opus
549 1233 726 1301 idem
769 1232 880 1299 Ch.
929 1233 1093 1299 infra
1135 1237 1276 1299 octo
1322 1252 1629 1305 annorum
1674 1222 1960 1317 spacium
2008 1252 2080 1296 ex
2124 1248 2288 1296 nunc
2336 1248 2480 1292 cuu-

86 1339 292 1408 tinuis
329 1337 861 1405 numerandorum
906 1338 1140 1422 spaciis
1183 1339 1576 1423 temporibus
1622 1336 1761 1405 fieri
1807 1336 2184 1422 procurabit.

291 1478 462 1546 (Emz.
496 1455 573 1531 Π.
600 1456 788 1546 sess.)

299 1651 434 1717 Nos
480 1651 833 1719 Ottocarus
869 1651 1010 1738 (ΙΙ.)
1055 1658 1085 1719 .“
1119 1703 1134 1719 .
1183 1655 1216 1719 .’
1255 1651 1556 1720 Volentes
1619 1655 1698 1718 ut
1727 1651 1976 1743 ‘civitas
2036 1656 2248 1720 flustra
2292 1652 2484 1716 Alta

92 1756 260 1822 Mut
274 1775 321 1822 a·
371 1752 554 1823 fortis
613 1757 765 1824 valli
823 1757 1170 1824 munimine
1227 1758 1574 1839 roboretur,
1639 1757 1883 1825 civibus
1944 1756 2148 1840 ipsius
2208 1756 2484 1820 ciuitatis

91 1861 460 1946 hujusmodi
505 1861 937 1928 concessimus*
974 1861 1353 1944 libertatem,
1398 1861 1550 1942 vid.,
1592 1866 1668 1926 ut
1704 1881 1745 1928 a
1770 1861 1934 1928 festo
1980 1880 2028 1928 s,
2076 1862 2116 1928 J
2120 1864 2300 1928 scobi
2344 1880 2484 1944 prc-

92 1967 264 2032 xime
305 1965 523 2032 futuro
563 1984 771 2051 usque
814 1987 929 2050 per
971 1966 1241 2032 duorum
1285 1984 1589 2032 annorum
1634 1966 1911 2049 spatium
1964 1968 2044 2032 ab
2092 1968 2256 2032 omui
2308 1984 2484 2032 exsu-

92 2071 338 2138 lutione
397 2089 626 2138 census
683 2076 750 2137 et
807 2075 1061 2138 steurae
1120 2071 1248 2137 sint
1304 2072 1488 2138 liberi
1547 2076 1613 2138 et
1654 2072 1962 2152 inmunes,
2028 2092 2144 2136 uec
2192 2072 2272 2136 ad
2320 2072 2484 2136 sulu-

91 2176 334 2241 tionem
393 2195 619 2242 census
679 2181 746 2242 et
804 2180 1056 2243 stourae
1111 2177 1512 2261 aliquatenus
1572 2175 1737 2242 infra
1801 2176 2156 2260 praefatum
2216 2176 2300 2236 flu
2308 2196 2484 2240 urum

93 2298 402 2354 annorum
447 2282 726 2364 spatium
788 2282 1262 2365 compellantur,
1295 2282 1416 2346 ita
1456 2285 1688 2362 tamen,
1745 2281 1915 2366 quod
1956 2284 2120 2344 iufra
2168 2280 2484 2364 praefatus

95 2385 262 2451 duos
304 2403 500 2451 annos
545 2385 787 2451 hiidem-
830 2385 1003 2450 cives
1048 2385 1128 2451 ab
1171 2385 1300 2450 imo
1343 2384 1566 2451 fossati
1610 2387 1817 2469 ipsam
1854 2387 2176 2453 civitatem
2224 2388 2488 2452 circum-

95 2489 310 2556 dantis
337 2492 408 2556 et
435 2509 474 2556 a
501 2489 704 2556 latere
749 2489 1027 2556 civitatis
1071 2509 1322 2558 murum
1367 2491 1614 2573 erigant
1642 2508 1848 2575 usque
1892 2492 1972 2557 ad
2004 2496 2212 2556 ‘terrae
2256 2512 2416 2572 aequ
2424 2512 2488 2555 a·

94 2595 365 2676 litatem,
428 2599 494 2662 et
521 2594 815 2684 *desuper
856 2596 1036 2661 illum
1078 2593 1320 2662 faciant
1361 2594 1570 2662 adhuc
1620 2613 1889 2678 murum,
1952 2598 2056 2680 qui
2104 2596 2488 2660 brachanuiu

97 2699 355 2779 dicitur,
414 2699 940 2784 circumquaque3
1010 2719 1089 2765 ex
1149 2699 1350 2765 altera
1407 2719 1558 2766 vero
1635 2699 1877 2782 fossati,
1912 2710 2100 2784 'quae
2164 2700 2488 2780 [occurrit]

96 2802 351 2869 obviam
408 2804 677 2887 ingredi
714 2804 1073 2870 volentibus
1135 2803 1476 2886 civitatem,
1552 2823 1802 2870 murum
1869 2805 2164 2872 similiter
2224 2808 2304 2872 ab
2364 2808 2488 2868 imo

99 2908 329 2974 fossati
373 2926 579 2992 usque
620 2908 816 2975 fuerit
860 2912 1300 2992 opportunum.

313 3011 399 3077 Et
443 3013 612 3080 circa
651 3013 773 3079 hoc
818 3013 911 3080 sic
956 3018 1140 3079 erunt
1198 3013 1404 3079 seduli
1449 3017 1516 3080 et
1558 3014 1804 3095 attenti,
1851 3019 1924 3079 ut
1967 3016 2128 3080 iufra
2176 3012 2492 3096 praefatus

103 3118 266 3183 duos
310 3104 504 3184 annos
561 3107 767 3184 totum
823 3119 983 3184 illud
1042 3137 1220 3203 opus,
1283 3119 1450 3185 sicut
1499 3119 1803 3201 decuerit,
1864 3117 2136 3184 finaliter
2196 3120 2280 3184 sit
2324 3136 2492 3184 cuui-

100 3223 362 3306 pletum.

315 3325 402 3399 Et
443 3331 516 3393 ut
557 3326 626 3393 id
665 3330 844 3394 tanto
887 3327 1116 3395 melius
1161 3329 1396 3396 ducere
1432 3328 1689 3395 valeant
1718 3329 1802 3394 ad
1831 3327 2140 3408 effectum,
2192 3348 2304 3412 per
2336 3332 2492 3392 aluus

105 3431 312 3497 dictos
355 3450 552 3498 annos
594 3431 837 3499 fructus
875 3432 1104 3517 judicii
1151 3432 1426 3500 civitatis
1471 3433 1676 3515 ipsius
1706 3432 1839 3499 Nos
1885 3436 2336 3516 contingentes,
2388 3456 2492 3496 vu-

104 3537 318 3602 lumus
362 3539 436 3602 ut
476 3536 747 3620 praefati
793 3538 963 3604 cives
1022 3537 1378 3621 percipiant
1420 3540 1486 3602 et
1543 3537 1627 3602 ad
1671 3537 2012 3604 utilitatem
2056 3540 2264 3620 operis
2312 3556 2424 3620 pra
2432 3556 2492 3600 e-

106 3640 224 3708 fati
271 3645 675 3710 convertant„
973 3647 975 3651 ‘
1435 3704 1439 3711 .

321 3747 564 3812 Damus
625 3746 816 3812 etiam
874 3746 1032 3829 ipsis
1064 3768 1065 3771 ¹
1093 3748 1171 3815 ob
1217 3746 1487 3813 eandem
1535 3765 1794 3813 causam
1849 3746 2204 3812 libertatem
2252 3768 2288 3812 a
2335 3748 2492 3812 festu

111 3850 171 3916 b.
219 3849 262 3915 J
264 3850 444 3917 acobi
488 3851 691 3934 primo
732 3851 944 3917 futuro
989 3871 1106 3934 per
1160 3857 1294 3918 tres*
1350 3869 1565 3932 annoS,
1626 3856 1699 3918 ut
1755 3852 1835 3918 ab
1894 3854 2056 3917 omui
2108 3852 2496 3916 exstilutiuue

108 3957 392 4021 thelonei
436 3974 559 4038 per
594 3973 811 4022 omnes
852 3960 1056 4024 terras
1101 3957 1228 4022 sint
1269 3950 1453 4024 liberi
1493 3948 1582 4023 'et
1622 3957 1929 4038 inmuneS,
1988 3956 2356 4023 mandantes
2404 3964 2492 4020 te-

109 4079 266 4125 nore
297 4061 648 4142 praesentis
677 4060 995 4143 privilegii
1023 4061 1337 4128 universis
1366 4051 1738 4142 burcraviis,
1776 4062 2136 4140 baronibus,
2172 4064 2492 4140 militibus,

110 4165 387 4246 aliisque
428 4164 742 4231 nobilibus
785 4164 1148 4231 theloneum
1204 4165 1585 4232 habentibus
1619 4185 1717 4239 ,ac
1777 4168 2044 4232 caeteris
2088 4168 2496 4232 tlieloueariis

110 4288 231 4350 per
290 4269 616 4335 districtus
660 4268 878 4335 Nostri
923 4269 1158 4335 domini
1211 4264 1588 4352 constitutis,
1645 4271 1814 4356 quod
1858 4291 1897 4338 a
1940 4276 2184 4340 civibus
2228 4276 2304 4340 1111
2356 4272 2500 4336 Alta

114 4372 299 4438 Muta
361 4374 835 4439 transeuntibus
879 4374 960 4440 de
1013 4376 1435 4443 mercimoniis
1489 4381 1554 4442 et
1611 4378 1801 4443 rebus
1860 4380 1992 4444 suis
2040 4380 2192 4441 nihil
2256 4380 2496 4440 tuticus
