3225 5017
349 267 413 337 Gap.
431 269 453 322 1.
472 267 527 323 Res
546 265 581 323 ad
598 267 676 337 regni
694 266 958 322 administrationem
978 270 1142 336 spectantes.
1310 270 1343 319 65

144 482 229 548 quae
250 465 388 549 infregit,
417 465 471 531 uel
493 449 761 530 deas'aenczoni
786 467 819 530 et
847 462 1001 529 Franconi
1031 481 1104 528 cum
1131 462 1202 531 aliis
1233 481 1343 547 supra·

145 570 275 656 scriptis
298 570 409 639 amicis
434 588 542 636 eorum
564 569 761 652 praedictam
782 567 951 653 pecuniam
973 570 1142 654 persoluat

249 694 334 764 (capa
353 692 380 749 o.
398 693 466 761 apa
490 691 535 747 rr.
554 694 590 761 a)

249 853 485 937 Episcopus
516 849 813 918 Olomuccnsis
835 900 843 916 .
868 899 906 916 ..
938 848 1056 916 Notum
1085 849 1229 932 iacimus,
1260 850 1345 932 quod

144 975 218 1026 cum
247 958 396 1025 universa
428 958 512 1024 bona
544 955 647 1023 felicis
677 955 848 1036 memoriae
877 954 992 1024 nobilis
1022 954 1083 1021 uiri
1111 954 1270 1020 Alsiensis
1303 955 1344 1020 de

142 1064 310 1145 Fullstein,
341 1063 416 1127 olim
444 1062 545 1127 nostri
567 1059 680 1141 fidelis,
710 1078 792 1142 quae
816 1060 953 1126 habebat
982 1061 1040 1126 sub
1068 1059 1289 1143 jurisdictione
1312 1064 1345 1126 et

144 1170 284 1235 dominio
300 1167 521 1234 Olomuccnsis
542 1170 671 1231 nomiae
693 1166 857 1246 ecclesiae,
877 1166 970 1249 juxta
984 1183 1103 1230 morem
1126 1169 1159 1231 et
1181 1166 1343 1249 antiquam

143 1278 286 1341 nostram
307 1274 515 1356 approbatam
537 1270 797 1339 consuetudinem
827 1270 868 1337 ad
890 1288 1047 1336 cameram
1069 1274 1209 1335 nostram
1232 1274 1264 1335 et
1286 1289 1342 1355 pro

142 1380 261 1445 nostris
276 1378 387 1445 usibus
398 1377 534 1443 fuissent
544 1377 686 1459 legitime
699 1375 857 1456 devoluta,
877 1394 935 1441 nos
950 1375 1180 1442 interveniente
1194 1379 1341 1457 tractatu,

143 1484 352 1550 consideratis
374 1482 602 1564 multiplicibus
625 1481 786 1562 obsequiis
816 1480 932 1545 nobilis
958 1480 1019 1547 viri
1041 1477 1171 1547 Hemici
1194 1479 1235 1545 de
1256 1479 1342 1546 Full-

143 1590 258 1655 stein.
283 1640 290 1655 .
314 1640 321 1654 .
346 1640 354 1655 .
386 1591 518 1672 accepta
546 1587 586 1654 ab
616 1605 654 1653 oo
686 1586 842 1666 cautione,
872 1602 930 1667 pro
957 1583 1022 1651 200
1046 1586 1161 1652 marcis
1191 1586 1342 1653 moravici

142 1694 325 1778 pagamenti
356 1696 389 1757 et
416 1691 539 1757 numeri
570 1690 630 1757 sibi
661 1694 694 1755 ot
723 1690 790 1755 suis
813 1689 993 1773 heredibus,
1024 1691 1052 1756 si
1083 1710 1161 1773 quos
1190 1709 1342 1775 processu

142 1800 296 1883 temporis
326 1799 473 1865 habuerit
503 1798 544 1863 de
572 1796 768 1879 benignitate
798 1796 914 1877 divina,
949 1795 1061 1861 eadem
1089 1796 1171 1863 bona
1203 1797 1245 1863 ad
1274 1814 1341 1877 nos,

143 1906 229 1971 sicut
251 1904 474 1987 praemittitur,
505 1901 655 1968 devoluta
679 1900 822 1983 legitime
845 1950 852 1965 .
877 1950 884 1965 .
910 1951 917 1965 .
947 1900 1064 1984 partim
1094 1920 1133 1965 ex
1162 1900 1265 1983 gratia
1287 1902 1343 1966 de-

143 2010 260 2089 dimus,
294 2009 410 2091 partim
443 2025 500 2090 pro
522 2007 683 2073 antedicta
706 2024 829 2072 summa
860 2004 1125 2071 verduinus..
1150 2054 1190 2072 ..
1230 2005 1338 2091 (Ganc.

142 2113 257 2179 Joann.
281 2112 428 2178 Novofor.
454 2111 500 2195 4.)
974 2124 977 2131 ’

249 2286 490 2369 Episcopus
514 2285 818 2359 Olomuccnsis.
849 2284 956 2351 Nobili
979 2284 1047 2349 viro
1070 2283 1099 2350 d.
1124 2283 1279 2351 Sdenconi
1302 2286 1343 2351 de

142 2392 316 2473 Sternberg
347 2392 565 2473 cognominato
592 2390 633 2455 de
654 2390 778 2470 Lucau,
801 2387 888 2453 fideli
911 2407 969 2455 suo
992 2390 1133 2456 salutem.
1179 2390 1342 2457 Intuentes

140 2497 259 2564 marita
287 2495 308 2561 f.
339 2516 379 2561 m.
405 2496 564 2580 quondam
593 2494 736 2561 Mathiae
765 2493 806 2559 de
836 2492 1006 2576 Stemberg
1028 2544 1037 2560 .
1059 2542 1100 2559 ..
1132 2494 1283 2576 genitoris
1311 2499 1343 2560 et

140 2601 345 2668 attendentes
374 2599 538 2667 fidelitatis
561 2600 676 2680 studia,
708 2600 823 2682 quibus
847 2597 1090 2665 Olomuccnscm
1119 2600 1287 2665 ecclesiam
1309 2604 1343 2665 ct

140 2724 312 2791 personam
344 2710 486 2772 nostram
507 2705 634 2776 deuotio
661 2708 788 2772 vestrae
815 2702 978 2769 fidelitatis
1008 2704 1220 2797 prosequitur,
1251 2704 1341 2770 vobis

141 2816 180 2877 et
200 2810 371 2877 heredibus
401 2810 517 2876 vestris
547 2827 642 2875 sexus
671 2809 839 2874 masculini
869 2826 965 2890 super
986 2808 1130 2873 omnibus
1153 2812 1186 2872 et
1208 2808 1341 2891 singulis
1392 2827 1394 2835 ’

140 2917 237 2984 bonis
258 2914 449 2996 feudalibus,
480 2933 562 2997 quae
591 2914 633 2979 ad
663 2931 820 2979 cameram
848 2916 989 2979 nostram
1011 2914 1123 2996 quavis
1145 2913 1268 2980 rationo
1290 2914 1341 2978 vel

142 3037 251 3101 causa,
277 3021 351 3103 jure
377 3020 428 3085 vel
450 3020 543 3085 titulo
574 3019 699 3084 devolvi
722 3019 891 3101 continget,
917 3020 991 3103 jura
1019 3023 1128 3085 nostra
1149 3018 1210 3085 rite
1233 3022 1341 3084 contu·

140 3127 249 3206 limus,
272 3129 309 3189 ut
326 3126 399 3208 jure
420 3125 511 3191 nobis
534 3125 679 3208 quaesite
700 3123 823 3190 tamdiu
846 3123 958 3191 eadem
979 3124 1062 3191 bona
1075 3124 1166 3191 nobis
1186 3142 1342 3207 usmpare

141 3234 179 3296 et
193 3230 361 3296 vendicare
376 3230 515 3315 possitis,
530 3229 638 3296 donec
653 3248 692 3296 ex
706 3228 909 3312 perceptione
928 3229 1139 3296 devolutionis
1160 3228 1341 3313 hujusmodi

142 3334 342 3401 summamO
363 3353 458 3401 marc.
475 3354 557 3419 gros.
574 3334 665 3417 Prag.
688 3334 871 3418 pagamenti
892 3336 1043 3402 moravici
1066 3334 1263 3417 integraliter
1284 3333 1340 3398 ha-

140 3440 257 3507 beatis.
302 3431 458 3505 Nolumus
479 3444 585 3507 tamon
607 3459 665 3523 per
686 3439 746 3505 hoc
776 3438 935 3521 aliquibus
958 3438 1138 3505 hominibus
1160 3440 1193 3504 in
1214 3438 1340 3523 praeju-

142 3545 265 3612 dicium
287 3562 345 3611 seu
363 3544 508 3630 justitiae
530 3545 637 3627 aliqua
659 3544 827 3629 dispendia
849 3543 1002 3626 generari.
1026 3544 1085 3629 (lb.
1109 3544 1154 3626 2.)

249 3718 312 3785 Dei
327 3724 385 3785 etc.
401 3718 520 3785 Notum
540 3718 674 3785 iacimus
697 3770 704 3786 .
729 3770 736 3784 .
762 3769 768 3784 .
796 3719 881 3801 quod
904 3718 1066 3785 constituti
1088 3717 1122 3783 in
1142 3716 1242 3783 nostri
1265 3717 1339 3783 sub-

142 3827 335 3910 scriptorum
356 3825 486 3891 testium
508 3830 542 3891 et
561 3826 678 3891 notarii
692 3826 873 3909 praesentia
894 3825 1009 3891 nobilis
1025 3827 1058 3889 et
1078 3823 1212 3890 honesta
1226 3823 1341 3889 mulier

143 3935 174 4001 d.
196 3931 298 4014 Anna,
321 3950 401 3997 uxor
414 3931 463 3998 Jo.
487 3930 528 3997 de
550 3982 557 3997 .
583 3982 589 3996 .
615 3982 622 3997 .
646 3931 731 4017 (sic),
758 3931 862 3997 animo
886 3931 1069 4010 deliberate,
1092 3947 1156 3996 non
1178 3929 1339 4013 compulsa

143 4038 203 4106 sed
217 4037 312 4103 hilari
330 4036 418 4105 voltu
439 4036 532 4102 vivae
553 4036 641 4104 vocis
662 4037 789 4104 oraculo
812 4034 1117 4120 dotaliciumlsuum,
1142 4035 1226 4117 quod
1247 4037 1340 4117 volgo

142 4141 347 4228 leipgodinge
369 4141 493 4224 dicitur,
516 4142 606 4210 cuius
629 4160 751 4209 summa
765 4143 806 4208 ad
821 4141 1071 4225 'quadringentas
1094 4159 1216 4209 marcas
1238 4158 1337 4224 gross.

144 4250 236 4331 Prag.
260 4246 412 4314 moravici
432 4249 555 4314 numeri
577 4252 610 4315 et
630 4248 811 4332 pagamcnti
835 4265 869 4313 se
892 4246 1043 4329 extendit,
1073 4251 1106 4313 et
1128 4247 1213 4333 quod
1235 4245 1339 4312 cidem

144 4352 271 4419 mulieri
292 4351 326 4417 in
347 4358 380 4418 et
408 4371 505 4438 super
526 4354 641 4439 oppido
664 4352 860 4420 Slawiczetin
882 4351 966 4438 (sic),
997 4372 1056 4420 nco
1080 4372 1144 4421 non
1166 4352 1251 4421 villis
1273 4350 1336 4420 Ro-

199 4463 275 4512 codex
282 4463 305 4517 J.
318 4462 343 4508 Β.
356 4462 385 4511 Π,
397 4468 418 4510 8.
1183 4461 1199 4511 5
