<?xml version="1.0" encoding="UTF-8"?>
<!DOCTYPE html PUBLIC "-//W3C//DTD XHTML 1.0 Transitional//EN"
    "http://www.w3.org/TR/xhtml1/DTD/xhtml1-transitional.dtd">
<html xmlns="http://www.w3.org/1999/xhtml" xml:lang="en" lang="en">
 <head>
  <title>
</title>
<meta http-equiv="Content-Type" content="text/html;charset=utf-8" />
  <meta name='ocr-system' content='tesseract 3.04.00' />
  <meta name='ocr-capabilities' content='ocr_page ocr_carea ocr_par ocr_line ocrx_word'/>
</head>
<body>
  <div class='ocr_page' id='page_1' title='image "./codexjurisbohem02kingoog_0357.png"; bbox 0 0 3225 5017; ppageno 0'>
   <div class='ocr_carea' id='block_1_1' title="bbox 0 27 3 572">
    <p class='ocr_par' dir='ltr' id='par_1_1' title="bbox 0 27 3 572">
     <span class='ocr_line' id='line_1_1' title="bbox 0 27 3 572; baseline 0 0"><span class='ocrx_word' id='word_1_1' title='bbox 0 27 3 572; x_wconf 95' lang='lat' dir='ltr'> </span> 
     </span>
    </p>
   </div>
   <div class='ocr_carea' id='block_1_2' title="bbox 500 281 1380 361">
    <p class='ocr_par' dir='ltr' id='par_1_2' title="bbox 500 281 1380 361">
     <span class='ocr_line' id='line_1_2' title="bbox 500 281 1380 361; baseline -0.002 -16"><span class='ocrx_word' id='word_1_2' title='bbox 500 291 565 361; x_wconf 81' lang='lat' dir='ltr'>Oap.</span> <span class='ocrx_word' id='word_1_3' title='bbox 584 290 644 345; x_wconf 92' lang='lat' dir='ltr'><strong>XII.</strong></span> <span class='ocrx_word' id='word_1_4' title='bbox 669 292 776 345; x_wconf 81' lang='lat' dir='ltr'>Stratos</span> <span class='ocrx_word' id='word_1_5' title='bbox 794 296 822 347; x_wconf 89' lang='lat' dir='ltr'>et</span> <span class='ocrx_word' id='word_1_6' title='bbox 839 281 1035 346; x_wconf 70' lang='lat' dir='ltr'><strong>commercium.</strong></span> <span class='ocrx_word' id='word_1_7' title='bbox 1331 294 1380 343; x_wconf 78' lang='lat'>347</span> 
     </span>
    </p>
   </div>
   <div class='ocr_carea' id='block_1_3' title="bbox 291 482 1381 567">
    <p class='ocr_par' dir='ltr' id='par_1_3' title="bbox 291 482 1381 567">
     <span class='ocr_line' id='line_1_3' title="bbox 291 482 1381 567; baseline -0.005 -17"><span class='ocrx_word' id='word_1_8' title='bbox 291 486 320 550; x_wconf 90' lang='lat'>3.</span> <span class='ocrx_word' id='word_1_9' title='bbox 366 486 447 551; x_wconf 91' lang='lat' dir='ltr'>Item</span> <span class='ocrx_word' id='word_1_10' title='bbox 469 488 657 565; x_wconf 89' lang='lat' dir='ltr'>statuerunt,</span> <span class='ocrx_word' id='word_1_11' title='bbox 680 490 716 549; x_wconf 92' lang='lat' dir='ltr'>ut</span> <span class='ocrx_word' id='word_1_12' title='bbox 744 484 823 549; x_wconf 88' lang='lat' dir='ltr'>dieti</span> <span class='ocrx_word' id='word_1_13' title='bbox 851 483 994 567; x_wconf 77' lang='lat' dir='ltr'><strong>hospites</strong></span> <span class='ocrx_word' id='word_1_14' title='bbox 1016 501 1074 548; x_wconf 91' lang='lat' dir='ltr'>sua</span> <span class='ocrx_word' id='word_1_15' title='bbox 1096 482 1298 547; x_wconf 87' lang='lat' dir='ltr'>mercimonia</span> <span class='ocrx_word' id='word_1_16' title='bbox 1319 499 1381 546; x_wconf 92' lang='lat' dir='ltr'>non</span> 
     </span>
    </p>
   </div>
   <div class='ocr_carea' id='block_1_4' title="bbox 189 575 1500 672">
    <p class='ocr_par' dir='ltr' id='par_1_4' title="bbox 189 575 1500 672">
     <span class='ocr_line' id='line_1_4' title="bbox 189 575 1500 672; baseline -0.002 -19"><span class='ocrx_word' id='word_1_17' title='bbox 189 589 324 655; x_wconf 87' lang='lat' dir='ltr'>debeant</span> <span class='ocrx_word' id='word_1_18' title='bbox 345 588 377 653; x_wconf 94' lang='lat' dir='ltr'>in</span> <span class='ocrx_word' id='word_1_19' title='bbox 399 589 470 672; x_wconf 89' lang='lat' dir='ltr'>ipsa</span> <span class='ocrx_word' id='word_1_20' title='bbox 497 588 626 655; x_wconf 89' lang='lat' dir='ltr'>civitate</span> <span class='ocrx_word' id='word_1_21' title='bbox 657 588 809 670; x_wconf 87' lang='lat' dir='ltr'>Pragensi</span> <span class='ocrx_word' id='word_1_22' title='bbox 838 588 910 654; x_wconf 88' lang='lat' dir='ltr'>aliis</span> <span class='ocrx_word' id='word_1_23' title='bbox 939 587 1118 670; x_wconf 81' lang='lat' dir='ltr'>hospitibus</span> <span class='ocrx_word' id='word_1_24' title='bbox 1148 575 1294 666; x_wconf 90' lang='lat' dir='ltr'>vendere,</span> <span class='ocrx_word' id='word_1_25' title='bbox 1325 586 1382 652; x_wconf 91' lang='lat' dir='ltr'>sed</span> <span class='ocrx_word' id='word_1_26' title='bbox 1497 665 1500 672; x_wconf 76' lang='lat'>,</span> 
     </span>
    </p>
   </div>
   <div class='ocr_carea' id='block_1_5' title="bbox 185 690 1451 1298">
    <p class='ocr_par' dir='ltr' id='par_1_5' title="bbox 185 690 1451 1298">
     <span class='ocr_line' id='line_1_5' title="bbox 186 690 1382 776; baseline -0.003 -17"><span class='ocrx_word' id='word_1_27' title='bbox 186 697 311 759; x_wconf 89' lang='lat' dir='ltr'>tantum</span> <span class='ocrx_word' id='word_1_28' title='bbox 331 693 544 776; x_wconf 77' lang='lat' dir='ltr'>ngensibus</span> <span class='ocrx_word' id='word_1_29' title='bbox 567 697 600 757; x_wconf 92' lang='lat' dir='ltr'>et</span> <span class='ocrx_word' id='word_1_30' title='bbox 622 693 755 759; x_wconf 89' lang='lat' dir='ltr'>aliarum</span> <span class='ocrx_word' id='word_1_31' title='bbox 779 691 944 758; x_wconf 87' lang='lat' dir='ltr'>civitatum</span> <span class='ocrx_word' id='word_1_32' title='bbox 966 691 1155 758; x_wconf 86' lang='lat' dir='ltr'>Nostrarum</span> <span class='ocrx_word' id='word_1_33' title='bbox 1184 690 1225 757; x_wconf 92' lang='lat' dir='ltr'>de</span> <span class='ocrx_word' id='word_1_34' title='bbox 1250 690 1382 756; x_wconf 90' lang='lat' dir='ltr'>Boemia</span> 
     </span>
     <span class='ocr_line' id='line_1_6' title="bbox 187 794 1381 881; baseline -0.003 -18"><span class='ocrx_word' id='word_1_35' title='bbox 187 804 219 863; x_wconf 90' lang='lat' dir='ltr'>et</span> <span class='ocrx_word' id='word_1_36' title='bbox 240 798 384 864; x_wconf 88' lang='lat' dir='ltr'>Moravia</span> <span class='ocrx_word' id='word_1_37' title='bbox 407 798 538 879; x_wconf 84' lang='lat' dir='ltr'>civibus,</span> <span class='ocrx_word' id='word_1_38' title='bbox 564 798 618 881; x_wconf 91' lang='lat' dir='ltr'>qui</span> <span class='ocrx_word' id='word_1_39' title='bbox 641 798 788 863; x_wconf 88' lang='lat' dir='ltr'>collectas</span> <span class='ocrx_word' id='word_1_40' title='bbox 812 816 887 863; x_wconf 91' lang='lat' dir='ltr'>suas</span> <span class='ocrx_word' id='word_1_41' title='bbox 910 801 943 863; x_wconf 94' lang='lat' dir='ltr'>et</span> <span class='ocrx_word' id='word_1_42' title='bbox 964 796 1027 863; x_wconf 83' lang='lat' dir='ltr'>alia</span> <span class='ocrx_word' id='word_1_43' title='bbox 1046 797 1120 880; x_wconf 89' lang='lat' dir='ltr'>jura</span> <span class='ocrx_word' id='word_1_44' title='bbox 1146 796 1312 862; x_wconf 89' lang='lat' dir='ltr'>civitatum</span> <span class='ocrx_word' id='word_1_45' title='bbox 1333 794 1381 859; x_wconf 89' lang='lat' dir='ltr'>i-</span> 
     </span>
     <span class='ocr_line' id='line_1_7' title="bbox 190 901 1451 981; baseline -0.002 -14"><span class='ocrx_word' id='word_1_46' title='bbox 190 921 261 968; x_wconf 90' lang='lat' dir='ltr'>cere</span> <span class='ocrx_word' id='word_1_47' title='bbox 277 906 310 968; x_wconf 92' lang='lat' dir='ltr'>et</span> <span class='ocrx_word' id='word_1_48' title='bbox 325 903 488 969; x_wconf 82' lang='lat' dir='ltr'>exsolvere</span> <span class='ocrx_word' id='word_1_49' title='bbox 511 906 752 968; x_wconf 84' lang='lat' dir='ltr'>consueverunt.</span> <span class='ocrx_word' id='word_1_50' title='bbox 775 901 867 981; x_wconf 80' lang='lat' dir='ltr'>Quod</span> <span class='ocrx_word' id='word_1_51' title='bbox 883 902 910 968; x_wconf 90' lang='lat' dir='ltr'>si</span> <span class='ocrx_word' id='word_1_52' title='bbox 931 920 994 967; x_wconf 91' lang='lat' dir='ltr'>non</span> <span class='ocrx_word' id='word_1_53' title='bbox 1016 901 1164 981; x_wconf 87' lang='lat' dir='ltr'>facerent,</span> <span class='ocrx_word' id='word_1_54' title='bbox 1188 903 1302 967; x_wconf 82' lang='lat' dir='ltr'><strong>extunc</strong></span> <span class='ocrx_word' id='word_1_55' title='bbox 1317 904 1382 965; x_wconf 86' lang='lat' dir='ltr'>tam</span> <span class='ocrx_word' id='word_1_56' title='bbox 1448 945 1451 964; x_wconf 40' lang='lat' dir='ltr'>t</span> 
     </span>
     <span class='ocr_line' id='line_1_8' title="bbox 185 1006 1382 1090; baseline -0.002 -19"><span class='ocrx_word' id='word_1_57' title='bbox 185 1008 301 1090; x_wconf 84' lang='lat' dir='ltr'>hospes</span> <span class='ocrx_word' id='word_1_58' title='bbox 331 1006 471 1073; x_wconf 91' lang='lat' dir='ltr'>vendens</span> <span class='ocrx_word' id='word_1_59' title='bbox 500 1025 595 1089; x_wconf 91' lang='lat' dir='ltr'>quam</span> <span class='ocrx_word' id='word_1_60' title='bbox 624 1024 732 1072; x_wconf 90' lang='lat' dir='ltr'>emens</span> <span class='ocrx_word' id='word_1_61' title='bbox 753 1024 877 1089; x_wconf 88' lang='lat' dir='ltr'>poenae</span> <span class='ocrx_word' id='word_1_62' title='bbox 899 1007 1063 1090; x_wconf 79' lang='lat' dir='ltr'>subJaceat</span> <span class='ocrx_word' id='word_1_63' title='bbox 1091 1008 1305 1089; x_wconf 78' lang='lat' dir='ltr'>praenotatae,</span> <span class='ocrx_word' id='word_1_64' title='bbox 1336 1006 1382 1069; x_wconf 90' lang='lat' dir='ltr'>ita</span> 
     </span>
     <span class='ocr_line' id='line_1_9' title="bbox 186 1109 1379 1195; baseline -0.002 -20"><span class='ocrx_word' id='word_1_65' title='bbox 186 1111 271 1195; x_wconf 90' lang='lat' dir='ltr'>quod</span> <span class='ocrx_word' id='word_1_66' title='bbox 294 1111 427 1193; x_wconf 81' lang='lat' dir='ltr'>quilibet</span> <span class='ocrx_word' id='word_1_67' title='bbox 449 1128 557 1176; x_wconf 91' lang='lat' dir='ltr'>eorum</span> <span class='ocrx_word' id='word_1_68' title='bbox 578 1110 620 1176; x_wconf 87' lang='lat' dir='ltr'>ad</span> <span class='ocrx_word' id='word_1_69' title='bbox 644 1112 833 1176; x_wconf 89' lang='lat' dir='ltr'>solutionem</span> <span class='ocrx_word' id='word_1_70' title='bbox 854 1112 951 1178; x_wconf 89' lang='lat' dir='ltr'>trium</span> <span class='ocrx_word' id='word_1_71' title='bbox 973 1129 1151 1177; x_wconf 91' lang='lat' dir='ltr'>marearum</span> <span class='ocrx_word' id='word_1_72' title='bbox 1172 1110 1295 1191; x_wconf 86' lang='lat' dir='ltr'>argenti</span> <span class='ocrx_word' id='word_1_73' title='bbox 1311 1109 1379 1173; x_wconf 91' lang='lat' dir='ltr'>sine</span> 
     </span>
     <span class='ocr_line' id='line_1_10' title="bbox 186 1204 1381 1298; baseline -0.002 -18"><span class='ocrx_word' id='word_1_74' title='bbox 186 1204 373 1282; x_wconf 83' lang='lat' dir='ltr'>difficultate</span> <span class='ocrx_word' id='word_1_75' title='bbox 395 1216 536 1298; x_wconf 90' lang='lat' dir='ltr'>quahbet</span> <span class='ocrx_word' id='word_1_76' title='bbox 557 1218 712 1296; x_wconf 88' lang='lat' dir='ltr'>teneatur,</span> <span class='ocrx_word' id='word_1_77' title='bbox 736 1218 856 1281; x_wconf 88' lang='lat' dir='ltr'>ettam</span> <span class='ocrx_word' id='word_1_78' title='bbox 877 1215 1018 1280; x_wconf 88' lang='lat' dir='ltr'>venditio</span> <span class='ocrx_word' id='word_1_79' title='bbox 1041 1234 1136 1297; x_wconf 91' lang='lat' dir='ltr'>quam</span> <span class='ocrx_word' id='word_1_80' title='bbox 1158 1215 1253 1280; x_wconf 91' lang='lat' dir='ltr'>emtio</span> <span class='ocrx_word' id='word_1_81' title='bbox 1268 1214 1381 1280; x_wconf 90' lang='lat' dir='ltr'>merci-</span> 
     </span>
    </p>
   </div>
   <div class='ocr_carea' id='block_1_6' title="bbox 185 1316 1475 1403">
    <p class='ocr_par' dir='ltr' id='par_1_6' title="bbox 185 1316 1475 1403">
     <span class='ocr_line' id='line_1_11' title="bbox 185 1316 1475 1403; baseline -0.002 -18"><span class='ocrx_word' id='word_1_82' title='bbox 185 1321 369 1401; x_wconf 85' lang='lat' dir='ltr'>moniorum,</span> <span class='ocrx_word' id='word_1_83' title='bbox 394 1339 476 1403; x_wconf 92' lang='lat' dir='ltr'>quae</span> <span class='ocrx_word' id='word_1_84' title='bbox 498 1320 583 1387; x_wconf 83' lang='lat' dir='ltr'>faeta</span> <span class='ocrx_word' id='word_1_85' title='bbox 605 1339 677 1387; x_wconf 88' lang='lat' dir='ltr'>esse</span> <span class='ocrx_word' id='word_1_86' title='bbox 700 1320 884 1399; x_wconf 83' lang='lat' dir='ltr'>dinoscitur,</span> <span class='ocrx_word' id='word_1_87' title='bbox 907 1320 1025 1385; x_wconf 90' lang='lat' dir='ltr'>nullius</span> <span class='ocrx_word' id='word_1_88' title='bbox 1046 1320 1167 1386; x_wconf 89' lang='lat' dir='ltr'>roboris</span> <span class='ocrx_word' id='word_1_89' title='bbox 1189 1319 1307 1385; x_wconf 88' lang='lat' dir='ltr'>habeat</span> <span class='ocrx_word' id='word_1_90' title='bbox 1328 1316 1380 1383; x_wconf 89' lang='lat' dir='ltr'>fir·</span> <span class='ocrx_word' id='word_1_91' title='bbox 1472 1324 1475 1327; x_wconf 81' lang='grc'><strong><em>’</em></strong></span> 
     </span>
    </p>
   </div>
   <div class='ocr_carea' id='block_1_7' title="bbox 153 1423 1382 4333">
    <p class='ocr_par' dir='ltr' id='par_1_7' title="bbox 184 1423 1379 1615">
     <span class='ocr_line' id='line_1_12' title="bbox 184 1423 1379 1505; baseline -0.002 -14"><span class='ocrx_word' id='word_1_92' title='bbox 184 1427 336 1491; x_wconf 88' lang='lat' dir='ltr'>mitatem.</span> <span class='ocrx_word' id='word_1_93' title='bbox 359 1425 403 1491; x_wconf 87' lang='lat' dir='ltr'>Et</span> <span class='ocrx_word' id='word_1_94' title='bbox 425 1426 453 1491; x_wconf 90' lang='lat' dir='ltr'>si</span> <span class='ocrx_word' id='word_1_95' title='bbox 474 1444 556 1491; x_wconf 89' lang='lat' dir='ltr'>unus</span> <span class='ocrx_word' id='word_1_96' title='bbox 579 1443 688 1492; x_wconf 88' lang='lat' dir='ltr'>eorum</span> <span class='ocrx_word' id='word_1_97' title='bbox 708 1427 878 1491; x_wconf 80' lang='lat' dir='ltr'>recesserit</span> <span class='ocrx_word' id='word_1_98' title='bbox 900 1428 931 1489; x_wconf 90' lang='lat' dir='ltr'>et</span> <span class='ocrx_word' id='word_1_99' title='bbox 954 1423 1035 1490; x_wconf 87' lang='lat' dir='ltr'>alter</span> <span class='ocrx_word' id='word_1_100' title='bbox 1065 1425 1261 1505; x_wconf 86' lang='lat' dir='ltr'>remanserit,</span> <span class='ocrx_word' id='word_1_101' title='bbox 1284 1423 1379 1504; x_wconf 91' lang='lat' dir='ltr'>idem,</span> 
     </span>
     <span class='ocr_line' id='line_1_13' title="bbox 185 1529 1243 1615; baseline 0 -20"><span class='ocrx_word' id='word_1_102' title='bbox 185 1533 239 1614; x_wconf 90' lang='lat' dir='ltr'>qui</span> <span class='ocrx_word' id='word_1_103' title='bbox 260 1532 457 1613; x_wconf 87' lang='lat' dir='ltr'>remanserit,</span> <span class='ocrx_word' id='word_1_104' title='bbox 481 1550 616 1615; x_wconf 90' lang='lat' dir='ltr'>poenam</span> <span class='ocrx_word' id='word_1_105' title='bbox 639 1533 763 1598; x_wconf 90' lang='lat' dir='ltr'>solvere</span> <span class='ocrx_word' id='word_1_106' title='bbox 784 1531 945 1597; x_wconf 89' lang='lat' dir='ltr'>tenebitur</span> <span class='ocrx_word' id='word_1_107' title='bbox 966 1529 1190 1613; x_wconf 85' lang='lat' dir='ltr'>dupplicatam.</span> <span class='ocrx_word' id='word_1_108' title='bbox 1233 1554 1243 1576; x_wconf 82' lang='lat'><strong>·</strong></span> 
     </span>
    </p>

    <p class='ocr_par' dir='ltr' id='par_1_8' title="bbox 153 1635 1382 2346">
     <span class='ocr_line' id='line_1_14' title="bbox 289 1635 1381 1719; baseline -0.005 -16"><span class='ocrx_word' id='word_1_109' title='bbox 289 1638 319 1703; x_wconf 83' lang='lat'>4.</span> <span class='ocrx_word' id='word_1_110' title='bbox 366 1636 447 1702; x_wconf 91' lang='lat' dir='ltr'>Item</span> <span class='ocrx_word' id='word_1_111' title='bbox 485 1640 674 1719; x_wconf 90' lang='lat' dir='ltr'>statuerunt,</span> <span class='ocrx_word' id='word_1_112' title='bbox 712 1639 749 1701; x_wconf 90' lang='lat' dir='ltr'>ut</span> <span class='ocrx_word' id='word_1_113' title='bbox 784 1636 917 1719; x_wconf 88' lang='lat' dir='ltr'>quilibet</span> <span class='ocrx_word' id='word_1_114' title='bbox 953 1635 1079 1717; x_wconf 88' lang='lat' dir='ltr'>hospes,</span> <span class='ocrx_word' id='word_1_115' title='bbox 1124 1635 1281 1718; x_wconf 89' lang='lat' dir='ltr'>recipiens</span> <span class='ocrx_word' id='word_1_116' title='bbox 1324 1636 1381 1699; x_wconf 94' lang='lat' dir='ltr'>ho-</span> 
     </span>
     <span class='ocr_line' id='line_1_15' title="bbox 186 1738 1378 1824; baseline -0.001 -18"><span class='ocrx_word' id='word_1_117' title='bbox 186 1742 285 1824; x_wconf 88' lang='lat' dir='ltr'>spites</span> <span class='ocrx_word' id='word_1_118' title='bbox 316 1744 482 1807; x_wconf 85' lang='lat' dir='ltr'>extraneos</span> <span class='ocrx_word' id='word_1_119' title='bbox 512 1741 554 1805; x_wconf 92' lang='lat' dir='ltr'>ad</span> <span class='ocrx_word' id='word_1_120' title='bbox 589 1741 763 1824; x_wconf 87' lang='lat' dir='ltr'>hospitium</span> <span class='ocrx_word' id='word_1_121' title='bbox 801 1758 903 1820; x_wconf 91' lang='lat' dir='ltr'>suum,</span> <span class='ocrx_word' id='word_1_122' title='bbox 945 1738 1031 1822; x_wconf 90' lang='lat' dir='ltr'>apud</span> <span class='ocrx_word' id='word_1_123' title='bbox 1066 1738 1197 1803; x_wconf 90' lang='lat' dir='ltr'>eosdem</span> <span class='ocrx_word' id='word_1_124' title='bbox 1236 1739 1378 1821; x_wconf 89' lang='lat' dir='ltr'>hospites</span> 
     </span>
     <span class='ocr_line' id='line_1_16' title="bbox 184 1842 1382 1929; baseline -0.001 -18"><span class='ocrx_word' id='word_1_125' title='bbox 184 1864 340 1929; x_wconf 91' lang='lat' dir='ltr'>nusquam</span> <span class='ocrx_word' id='word_1_126' title='bbox 369 1845 463 1913; x_wconf 91' lang='lat' dir='ltr'>debet</span> <span class='ocrx_word' id='word_1_127' title='bbox 494 1864 597 1911; x_wconf 91' lang='lat' dir='ltr'>emere</span> <span class='ocrx_word' id='word_1_128' title='bbox 631 1846 738 1929; x_wconf 90' lang='lat' dir='ltr'>aliqua</span> <span class='ocrx_word' id='word_1_129' title='bbox 772 1844 986 1911; x_wconf 88' lang='lat' dir='ltr'>mercimonia.</span> <span class='ocrx_word' id='word_1_130' title='bbox 1027 1842 1072 1910; x_wconf 86' lang='lat' dir='ltr'>Et</span> <span class='ocrx_word' id='word_1_131' title='bbox 1101 1844 1129 1909; x_wconf 93' lang='lat' dir='ltr'>si</span> <span class='ocrx_word' id='word_1_132' title='bbox 1167 1843 1283 1929; x_wconf 88' lang='lat' dir='ltr'>hospes</span> <span class='ocrx_word' id='word_1_133' title='bbox 1316 1848 1382 1910; x_wconf 88' lang='lat' dir='ltr'>tam</span> 
     </span>
     <span class='ocr_line' id='line_1_17' title="bbox 185 1948 1382 2034; baseline -0.001 -19"><span class='ocrx_word' id='word_1_134' title='bbox 185 1970 292 2017; x_wconf 87' lang='lat' dir='ltr'>emens</span> <span class='ocrx_word' id='word_1_135' title='bbox 329 1971 424 2034; x_wconf 91' lang='lat' dir='ltr'>quam</span> <span class='ocrx_word' id='word_1_136' title='bbox 457 1950 596 2016; x_wconf 90' lang='lat' dir='ltr'>vendens</span> <span class='ocrx_word' id='word_1_137' title='bbox 635 1968 727 2017; x_wconf 90' lang='lat' dir='ltr'>secus</span> <span class='ocrx_word' id='word_1_138' title='bbox 760 1949 903 2029; x_wconf 90' lang='lat' dir='ltr'>fecerint,</span> <span class='ocrx_word' id='word_1_139' title='bbox 946 1953 1060 2015; x_wconf 85' lang='lat' dir='ltr'>extunc</span> <span class='ocrx_word' id='word_1_140' title='bbox 1098 1948 1233 2030; x_wconf 87' lang='lat' dir='ltr'>quilibet</span> <span class='ocrx_word' id='word_1_141' title='bbox 1273 1968 1382 2015; x_wconf 91' lang='lat' dir='ltr'>corum</span> 
     </span>
     <span class='ocr_line' id='line_1_18' title="bbox 170 2052 1382 2138; baseline -0.005 -15"><span class='ocrx_word' id='word_1_142' title='bbox 170 2057 226 2123; x_wconf 85' lang='lat' dir='ltr'>ad</span> <span class='ocrx_word' id='word_1_143' title='bbox 249 2057 438 2123; x_wconf 88' lang='lat' dir='ltr'>solutionem</span> <span class='ocrx_word' id='word_1_144' title='bbox 462 2074 517 2122; x_wconf 84' lang='lat' dir='ltr'>sex</span> <span class='ocrx_word' id='word_1_145' title='bbox 538 2074 716 2121; x_wconf 86' lang='lat' dir='ltr'>marcarum</span> <span class='ocrx_word' id='word_1_146' title='bbox 743 2057 866 2138; x_wconf 81' lang='lat' dir='ltr'>argenti</span> <span class='ocrx_word' id='word_1_147' title='bbox 894 2056 1020 2121; x_wconf 88' lang='lat' dir='ltr'>nomine</span> <span class='ocrx_word' id='word_1_148' title='bbox 1049 2073 1171 2138; x_wconf 90' lang='lat' dir='ltr'>poenae</span> <span class='ocrx_word' id='word_1_149' title='bbox 1200 2055 1268 2120; x_wconf 89' lang='lat' dir='ltr'>sine</span> <span class='ocrx_word' id='word_1_150' title='bbox 1299 2052 1382 2118; x_wconf 87' lang='lat' dir='ltr'>diffi-</span> 
     </span>
     <span class='ocr_line' id='line_1_19' title="bbox 153 2159 1381 2245; baseline -0.007 -14"><span class='ocrx_word' id='word_1_151' title='bbox 153 2223 155 2231; x_wconf 80' lang='grc'>,</span> <span class='ocrx_word' id='word_1_152' title='bbox 187 2160 304 2228; x_wconf 87' lang='lat' dir='ltr'>cultate</span> <span class='ocrx_word' id='word_1_153' title='bbox 327 2162 469 2245; x_wconf 88' lang='lat' dir='ltr'>quahbet</span> <span class='ocrx_word' id='word_1_154' title='bbox 489 2164 643 2241; x_wconf 88' lang='lat' dir='ltr'>teneatur,</span> <span class='ocrx_word' id='word_1_155' title='bbox 668 2164 700 2225; x_wconf 92' lang='lat' dir='ltr'>et</span> <span class='ocrx_word' id='word_1_156' title='bbox 715 2159 920 2226; x_wconf 89' lang='lat' dir='ltr'>nihilomiuus</span> <span class='ocrx_word' id='word_1_157' title='bbox 936 2161 1053 2243; x_wconf 88' lang='lat' dir='ltr'>emptio</span> <span class='ocrx_word' id='word_1_158' title='bbox 1076 2162 1110 2226; x_wconf 90' lang='lat' dir='ltr'>et</span> <span class='ocrx_word' id='word_1_159' title='bbox 1123 2159 1274 2240; x_wconf 84' lang='lat' dir='ltr'>venditio,</span> <span class='ocrx_word' id='word_1_160' title='bbox 1299 2177 1381 2241; x_wconf 90' lang='lat' dir='ltr'>qnae</span> 
     </span>
     <span class='ocr_line' id='line_1_20' title="bbox 184 2260 1206 2346; baseline 0 -18"><span class='ocrx_word' id='word_1_161' title='bbox 184 2262 268 2331; x_wconf 84' lang='lat' dir='ltr'>facta</span> <span class='ocrx_word' id='word_1_162' title='bbox 291 2283 361 2331; x_wconf 90' lang='lat' dir='ltr'>esse</span> <span class='ocrx_word' id='word_1_163' title='bbox 384 2265 568 2346; x_wconf 89' lang='lat' dir='ltr'>dinoscitur,</span> <span class='ocrx_word' id='word_1_164' title='bbox 590 2264 709 2330; x_wconf 88' lang='lat' dir='ltr'>nulhus</span> <span class='ocrx_word' id='word_1_165' title='bbox 731 2264 854 2331; x_wconf 85' lang='lat' dir='ltr'>roboris</span> <span class='ocrx_word' id='word_1_166' title='bbox 876 2264 994 2331; x_wconf 86' lang='lat' dir='ltr'>habeat</span> <span class='ocrx_word' id='word_1_167' title='bbox 1015 2260 1206 2330; x_wconf 86' lang='lat' dir='ltr'>firmitatem.</span> 
     </span>
    </p>

    <p class='ocr_par' dir='ltr' id='par_1_9' title="bbox 170 2366 1380 3599">
     <span class='ocr_line' id='line_1_21' title="bbox 287 2366 1380 2453; baseline -0.004 -18"><span class='ocrx_word' id='word_1_168' title='bbox 287 2370 316 2435; x_wconf 83' lang='lat'>5.</span> <span class='ocrx_word' id='word_1_169' title='bbox 340 2369 421 2436; x_wconf 90' lang='lat' dir='ltr'>Item</span> <span class='ocrx_word' id='word_1_170' title='bbox 444 2373 632 2449; x_wconf 89' lang='lat' dir='ltr'>statuerunt,</span> <span class='ocrx_word' id='word_1_171' title='bbox 655 2369 740 2453; x_wconf 91' lang='lat' dir='ltr'>quod</span> <span class='ocrx_word' id='word_1_172' title='bbox 763 2370 1034 2453; x_wconf 90' lang='lat' dir='ltr'>quotienscunque</span> <span class='ocrx_word' id='word_1_173' title='bbox 1056 2368 1173 2451; x_wconf 90' lang='lat' dir='ltr'>aliquis</span> <span class='ocrx_word' id='word_1_174' title='bbox 1196 2385 1235 2432; x_wconf 84' lang='lat' dir='ltr'>ex</span> <span class='ocrx_word' id='word_1_175' title='bbox 1257 2366 1380 2433; x_wconf 92' lang='lat' dir='ltr'>civibus</span> 
     </span>
     <span class='ocr_line' id='line_1_22' title="bbox 184 2469 1380 2559; baseline -0.005 -21"><span class='ocrx_word' id='word_1_176' title='bbox 184 2474 350 2557; x_wconf 88' lang='lat' dir='ltr'>utriusque</span> <span class='ocrx_word' id='word_1_177' title='bbox 373 2476 511 2541; x_wconf 88' lang='lat' dir='ltr'>civitatis</span> <span class='ocrx_word' id='word_1_178' title='bbox 534 2494 591 2559; x_wconf 89' lang='lat' dir='ltr'>por</span> <span class='ocrx_word' id='word_1_179' title='bbox 613 2475 692 2540; x_wconf 90' lang='lat' dir='ltr'>duos</span> <span class='ocrx_word' id='word_1_180' title='bbox 715 2474 800 2540; x_wconf 89' lang='lat' dir='ltr'>viros</span> <span class='ocrx_word' id='word_1_181' title='bbox 824 2473 965 2554; x_wconf 90' lang='lat' dir='ltr'>idoneos,</span> <span class='ocrx_word' id='word_1_182' title='bbox 989 2473 1105 2555; x_wconf 88' lang='lat' dir='ltr'>quihus</span> <span class='ocrx_word' id='word_1_183' title='bbox 1127 2469 1207 2536; x_wconf 87' lang='lat' dir='ltr'>fides</span> <span class='ocrx_word' id='word_1_184' title='bbox 1236 2470 1380 2538; x_wconf 88' lang='lat' dir='ltr'>adhiberi</span> 
     </span>
     <span class='ocr_line' id='line_1_23' title="bbox 182 2576 1380 2662; baseline 0 -20"><span class='ocrx_word' id='word_1_185' title='bbox 182 2579 308 2659; x_wconf 89' lang='lat' dir='ltr'>poterit,</span> <span class='ocrx_word' id='word_1_186' title='bbox 332 2578 512 2661; x_wconf 90' lang='lat' dir='ltr'>inculpatus</span> <span class='ocrx_word' id='word_1_187' title='bbox 534 2578 640 2661; x_wconf 91' lang='lat' dir='ltr'>fuerit,</span> <span class='ocrx_word' id='word_1_188' title='bbox 664 2579 749 2662; x_wconf 92' lang='lat' dir='ltr'>quod</span> <span class='ocrx_word' id='word_1_189' title='bbox 772 2578 956 2645; x_wconf 88' lang='lat' dir='ltr'>societatem</span> <span class='ocrx_word' id='word_1_190' title='bbox 977 2578 1011 2643; x_wconf 91' lang='lat' dir='ltr'>in</span> <span class='ocrx_word' id='word_1_191' title='bbox 1034 2576 1217 2643; x_wconf 87' lang='lat' dir='ltr'>venditione</span> <span class='ocrx_word' id='word_1_192' title='bbox 1239 2581 1272 2642; x_wconf 89' lang='lat' dir='ltr'>et</span> <span class='ocrx_word' id='word_1_193' title='bbox 1293 2596 1380 2660; x_wconf 93' lang='lat' dir='ltr'>emp·</span> 
     </span>
     <span class='ocr_line' id='line_1_24' title="bbox 183 2681 1380 2765; baseline -0.001 -19"><span class='ocrx_word' id='word_1_194' title='bbox 183 2682 270 2748; x_wconf 92' lang='lat' dir='ltr'>tione</span> <span class='ocrx_word' id='word_1_195' title='bbox 292 2682 566 2748; x_wconf 89' lang='lat' dir='ltr'>mercimoniorum</span> <span class='ocrx_word' id='word_1_196' title='bbox 588 2682 735 2749; x_wconf 88' lang='lat' dir='ltr'>habuerit</span> <span class='ocrx_word' id='word_1_197' title='bbox 765 2701 837 2748; x_wconf 90' lang='lat' dir='ltr'>cum</span> <span class='ocrx_word' id='word_1_198' title='bbox 865 2681 1054 2765; x_wconf 89' lang='lat' dir='ltr'>hospitibus,</span> <span class='ocrx_word' id='word_1_199' title='bbox 1083 2682 1171 2747; x_wconf 90' lang='lat' dir='ltr'>idem</span> <span class='ocrx_word' id='word_1_200' title='bbox 1200 2681 1380 2764; x_wconf 89' lang='lat' dir='ltr'>inculpatus</span> 
     </span>
     <span class='ocr_line' id='line_1_25' title="bbox 184 2786 1379 2870; baseline 0 -19"><span class='ocrx_word' id='word_1_201' title='bbox 184 2787 280 2855; x_wconf 89' lang='lat' dir='ltr'>debet</span> <span class='ocrx_word' id='word_1_202' title='bbox 301 2805 462 2855; x_wconf 87' lang='lat' dir='ltr'>assumere</span> <span class='ocrx_word' id='word_1_203' title='bbox 493 2788 572 2853; x_wconf 89' lang='lat' dir='ltr'>duos</span> <span class='ocrx_word' id='word_1_204' title='bbox 602 2788 686 2852; x_wconf 89' lang='lat' dir='ltr'>viros</span> <span class='ocrx_word' id='word_1_205' title='bbox 709 2786 850 2867; x_wconf 89' lang='lat' dir='ltr'>idoneos,</span> <span class='ocrx_word' id='word_1_206' title='bbox 874 2806 1008 2870; x_wconf 91' lang='lat' dir='ltr'>quorum</span> <span class='ocrx_word' id='word_1_207' title='bbox 1030 2787 1164 2870; x_wconf 86' lang='lat' dir='ltr'>quilibet</span> <span class='ocrx_word' id='word_1_208' title='bbox 1190 2786 1232 2851; x_wconf 90' lang='lat' dir='ltr'>ad</span> <span class='ocrx_word' id='word_1_209' title='bbox 1253 2788 1379 2851; x_wconf 87' lang='lat' dir='ltr'>eentum</span> 
     </span>
     <span class='ocr_line' id='line_1_26' title="bbox 183 2889 1380 2975; baseline 0 -20"><span class='ocrx_word' id='word_1_210' title='bbox 183 2910 307 2958; x_wconf 88' lang='lat' dir='ltr'>marcas</span> <span class='ocrx_word' id='word_1_211' title='bbox 330 2894 452 2975; x_wconf 83' lang='lat' dir='ltr'>argenti</span> <span class='ocrx_word' id='word_1_212' title='bbox 474 2893 592 2960; x_wconf 90' lang='lat' dir='ltr'>habere</span> <span class='ocrx_word' id='word_1_213' title='bbox 623 2892 805 2971; x_wconf 88' lang='lat' dir='ltr'>dinoscitur,</span> <span class='ocrx_word' id='word_1_214' title='bbox 844 2895 877 2958; x_wconf 91' lang='lat' dir='ltr'>et</span> <span class='ocrx_word' id='word_1_215' title='bbox 897 2891 945 2956; x_wconf 94' lang='lat' dir='ltr'>illi</span> <span class='ocrx_word' id='word_1_216' title='bbox 969 2892 1032 2957; x_wconf 92' lang='lat' dir='ltr'>duo</span> <span class='ocrx_word' id='word_1_217' title='bbox 1054 2909 1127 2956; x_wconf 92' lang='lat' dir='ltr'>cum</span> <span class='ocrx_word' id='word_1_218' title='bbox 1148 2890 1310 2973; x_wconf 87' lang='lat' dir='ltr'>inculpato</span> <span class='ocrx_word' id='word_1_219' title='bbox 1328 2889 1380 2973; x_wconf 87' lang='lat' dir='ltr'>ju-</span> 
     </span>
     <span class='ocr_line' id='line_1_27' title="bbox 181 2988 1373 3079; baseline -0.001 -19"><span class='ocrx_word' id='word_1_220' title='bbox 181 2996 304 3078; x_wconf 90' lang='lat' dir='ltr'>rabunt,</span> <span class='ocrx_word' id='word_1_221' title='bbox 329 2997 414 3079; x_wconf 93' lang='lat' dir='ltr'>quod</span> <span class='ocrx_word' id='word_1_222' title='bbox 436 2988 621 3063; x_wconf 87' lang='lat' dir='ltr'>societatem</span> <span class='ocrx_word' id='word_1_223' title='bbox 642 3016 705 3063; x_wconf 89' lang='lat' dir='ltr'>non</span> <span class='ocrx_word' id='word_1_224' title='bbox 726 2996 875 3061; x_wconf 90' lang='lat' dir='ltr'>habuerit</span> <span class='ocrx_word' id='word_1_225' title='bbox 889 3014 961 3061; x_wconf 90' lang='lat' dir='ltr'>cum</span> <span class='ocrx_word' id='word_1_226' title='bbox 974 2995 1153 3079; x_wconf 88' lang='lat' dir='ltr'>hospitibus</span> <span class='ocrx_word' id='word_1_227' title='bbox 1168 2995 1373 3079; x_wconf 90' lang='lat' dir='ltr'>praenotatis.</span> 
     </span>
     <span class='ocr_line' id='line_1_28' title="bbox 183 3099 1379 3185; baseline 0.001 -22"><span class='ocrx_word' id='word_1_228' title='bbox 183 3099 227 3163; x_wconf 84' lang='lat' dir='ltr'>Et</span> <span class='ocrx_word' id='word_1_229' title='bbox 248 3101 276 3165; x_wconf 90' lang='lat' dir='ltr'>si</span> <span class='ocrx_word' id='word_1_230' title='bbox 298 3100 384 3166; x_wconf 93' lang='lat' dir='ltr'>idem</span> <span class='ocrx_word' id='word_1_231' title='bbox 405 3101 586 3185; x_wconf 87' lang='lat' dir='ltr'>inculpatus</span> <span class='ocrx_word' id='word_1_232' title='bbox 609 3120 644 3167; x_wconf 92' lang='lat' dir='ltr'>se</span> <span class='ocrx_word' id='word_1_233' title='bbox 667 3120 843 3183; x_wconf 88' lang='lat' dir='ltr'>expurgare</span> <span class='ocrx_word' id='word_1_234' title='bbox 865 3119 927 3166; x_wconf 91' lang='lat' dir='ltr'>non</span> <span class='ocrx_word' id='word_1_235' title='bbox 942 3102 1060 3183; x_wconf 85' lang='lat' dir='ltr'>poterit</span> <span class='ocrx_word' id='word_1_236' title='bbox 1075 3119 1147 3166; x_wconf 88' lang='lat' dir='ltr'>cum</span> <span class='ocrx_word' id='word_1_237' title='bbox 1163 3100 1285 3167; x_wconf 90' lang='lat' dir='ltr'>duobus</span> <span class='ocrx_word' id='word_1_238' title='bbox 1300 3100 1379 3166; x_wconf 89' lang='lat' dir='ltr'>viris</span> 
     </span>
     <span class='ocr_line' id='line_1_29' title="bbox 182 3204 1378 3287; baseline 0.001 -19"><span class='ocrx_word' id='word_1_239' title='bbox 182 3204 316 3285; x_wconf 86' lang='lat' dir='ltr'>idoneis,</span> <span class='ocrx_word' id='word_1_240' title='bbox 347 3205 432 3287; x_wconf 93' lang='lat' dir='ltr'>quod</span> <span class='ocrx_word' id='word_1_241' title='bbox 462 3206 579 3271; x_wconf 89' lang='lat' dir='ltr'>dictam</span> <span class='ocrx_word' id='word_1_242' title='bbox 609 3207 793 3272; x_wconf 88' lang='lat' dir='ltr'>societatem</span> <span class='ocrx_word' id='word_1_243' title='bbox 824 3223 895 3271; x_wconf 91' lang='lat' dir='ltr'>cum</span> <span class='ocrx_word' id='word_1_244' title='bbox 924 3205 1104 3287; x_wconf 91' lang='lat' dir='ltr'>hospitibus</span> <span class='ocrx_word' id='word_1_245' title='bbox 1123 3223 1197 3273; x_wconf 68' lang='lat' dir='ltr'>,non</span> <span class='ocrx_word' id='word_1_246' title='bbox 1223 3205 1378 3287; x_wconf 82' lang='lat' dir='ltr'>habuerit,</span> 
     </span>
     <span class='ocr_line' id='line_1_30' title="bbox 170 3310 1378 3394; baseline -0.001 -21"><span class='ocrx_word' id='word_1_247' title='bbox 170 3315 298 3375; x_wconf 76' lang='lat' dir='ltr'>&#39;extunc</span> <span class='ocrx_word' id='word_1_248' title='bbox 321 3310 362 3375; x_wconf 93' lang='lat' dir='ltr'>ad</span> <span class='ocrx_word' id='word_1_249' title='bbox 389 3310 577 3377; x_wconf 90' lang='lat' dir='ltr'>solutionem</span> <span class='ocrx_word' id='word_1_250' title='bbox 605 3311 714 3377; x_wconf 91' lang='lat' dir='ltr'>decem</span> <span class='ocrx_word' id='word_1_251' title='bbox 744 3329 923 3376; x_wconf 88' lang='lat' dir='ltr'>marcarum</span> <span class='ocrx_word' id='word_1_252' title='bbox 952 3310 1075 3392; x_wconf 89' lang='lat' dir='ltr'>argenti</span> <span class='ocrx_word' id='word_1_253' title='bbox 1104 3328 1225 3394; x_wconf 88' lang='lat' dir='ltr'>poenae</span> <span class='ocrx_word' id='word_1_254' title='bbox 1253 3310 1378 3375; x_wconf 91' lang='lat' dir='ltr'>nomine</span> 
     </span>
     <span class='ocr_line' id='line_1_31' title="bbox 182 3414 1378 3499; baseline 0 -22"><span class='ocrx_word' id='word_1_255' title='bbox 182 3416 336 3495; x_wconf 89' lang='lat' dir='ltr'>teneatur,</span> <span class='ocrx_word' id='word_1_256' title='bbox 368 3419 401 3479; x_wconf 90' lang='lat' dir='ltr'>et</span> <span class='ocrx_word' id='word_1_257' title='bbox 429 3414 633 3480; x_wconf 89' lang='lat' dir='ltr'>nihilomiuus</span> <span class='ocrx_word' id='word_1_258' title='bbox 659 3415 789 3499; x_wconf 87' lang='lat' dir='ltr'>jurabit,</span> <span class='ocrx_word' id='word_1_259' title='bbox 825 3414 910 3497; x_wconf 93' lang='lat' dir='ltr'>quod</span> <span class='ocrx_word' id='word_1_260' title='bbox 942 3414 1061 3480; x_wconf 82' lang='lat' dir='ltr'>naham</span> <span class='ocrx_word' id='word_1_261' title='bbox 1094 3416 1277 3480; x_wconf 84' lang='lat' dir='ltr'>societatem</span> <span class='ocrx_word' id='word_1_262' title='bbox 1307 3432 1378 3478; x_wconf 92' lang='lat' dir='ltr'>cum</span> 
     </span>
     <span class='ocr_line' id='line_1_32' title="bbox 182 3516 1104 3599; baseline 0.005 -20"><span class='ocrx_word' id='word_1_263' title='bbox 182 3516 361 3599; x_wconf 90' lang='lat' dir='ltr'>hospitibus</span> <span class='ocrx_word' id='word_1_264' title='bbox 384 3517 424 3584; x_wconf 94' lang='lat' dir='ltr'>de</span> <span class='ocrx_word' id='word_1_265' title='bbox 447 3524 572 3584; x_wconf 88' lang='lat' dir='ltr'>caetero</span> <span class='ocrx_word' id='word_1_266' title='bbox 596 3537 743 3585; x_wconf 86' lang='lat' dir='ltr'>exercere</span> <span class='ocrx_word' id='word_1_267' title='bbox 766 3518 882 3584; x_wconf 88' lang='lat' dir='ltr'>debeat</span> <span class='ocrx_word' id='word_1_268' title='bbox 905 3518 956 3584; x_wconf 94' lang='lat' dir='ltr'>vel</span> <span class='ocrx_word' id='word_1_269' title='bbox 976 3518 1104 3586; x_wconf 90' lang='lat' dir='ltr'>habere.</span> 
     </span>
    </p>

    <p class='ocr_par' dir='ltr' id='par_1_10' title="bbox 181 3621 1378 4333">
     <span class='ocr_line' id='line_1_33' title="bbox 286 3621 1378 3705; baseline -0.001 -18"><span class='ocrx_word' id='word_1_270' title='bbox 286 3623 315 3687; x_wconf 83' lang='lat'>6.</span> <span class='ocrx_word' id='word_1_271' title='bbox 351 3621 431 3689; x_wconf 86' lang='lat' dir='ltr'>Item</span> <span class='ocrx_word' id='word_1_272' title='bbox 454 3628 641 3705; x_wconf 86' lang='lat' dir='ltr'>statuerunt,</span> <span class='ocrx_word' id='word_1_273' title='bbox 665 3623 749 3705; x_wconf 93' lang='lat' dir='ltr'>quod</span> <span class='ocrx_word' id='word_1_274' title='bbox 771 3623 876 3688; x_wconf 90' lang='lat' dir='ltr'>nullus</span> <span class='ocrx_word' id='word_1_275' title='bbox 900 3622 1017 3688; x_wconf 89' lang='lat' dir='ltr'>civium</span> <span class='ocrx_word' id='word_1_276' title='bbox 1047 3624 1211 3704; x_wconf 86' lang='lat' dir='ltr'>utriusque</span> <span class='ocrx_word' id='word_1_277' title='bbox 1240 3621 1378 3687; x_wconf 82' lang='lat' dir='ltr'>civitatis</span> 
     </span>
     <span class='ocr_line' id='line_1_34' title="bbox 182 3723 1378 3811; baseline 0.001 -21"><span class='ocrx_word' id='word_1_278' title='bbox 182 3726 384 3792; x_wconf 89' lang='lat' dir='ltr'>mercimonia</span> <span class='ocrx_word' id='word_1_279' title='bbox 417 3725 523 3811; x_wconf 86' lang='lat' dir='ltr'>aliqua</span> <span class='ocrx_word' id='word_1_280' title='bbox 557 3728 596 3793; x_wconf 91' lang='lat' dir='ltr'>ab</span> <span class='ocrx_word' id='word_1_281' title='bbox 630 3728 735 3810; x_wconf 89' lang='lat' dir='ltr'>aliquo</span> <span class='ocrx_word' id='word_1_282' title='bbox 768 3727 837 3792; x_wconf 88' lang='lat' dir='ltr'>eive</span> <span class='ocrx_word' id='word_1_283' title='bbox 867 3727 908 3792; x_wconf 90' lang='lat' dir='ltr'>de</span> <span class='ocrx_word' id='word_1_284' title='bbox 937 3726 1086 3793; x_wconf 76' lang='lat' dir='ltr'>blandula</span> <span class='ocrx_word' id='word_1_285' title='bbox 1118 3725 1170 3792; x_wconf 91' lang='lat' dir='ltr'>vel</span> <span class='ocrx_word' id='word_1_286' title='bbox 1199 3725 1238 3790; x_wconf 93' lang='lat' dir='ltr'>de</span> <span class='ocrx_word' id='word_1_287' title='bbox 1275 3723 1378 3791; x_wconf 86' lang='lat' dir='ltr'>Vene-</span> 
     </span>
     <span class='ocr_line' id='line_1_35' title="bbox 181 3830 1378 3915; baseline -0.001 -20"><span class='ocrx_word' id='word_1_288' title='bbox 181 3830 235 3897; x_wconf 89' lang='lat' dir='ltr'>tiis</span> <span class='ocrx_word' id='word_1_289' title='bbox 258 3835 314 3896; x_wconf 88' lang='lat' dir='ltr'>aut</span> <span class='ocrx_word' id='word_1_290' title='bbox 335 3830 376 3895; x_wconf 90' lang='lat' dir='ltr'>de</span> <span class='ocrx_word' id='word_1_291' title='bbox 398 3831 469 3897; x_wconf 88' lang='lat' dir='ltr'>aliis</span> <span class='ocrx_word' id='word_1_292' title='bbox 491 3833 673 3915; x_wconf 87' lang='lat' dir='ltr'>regionibns</span> <span class='ocrx_word' id='word_1_293' title='bbox 697 3832 941 3915; x_wconf 90' lang='lat' dir='ltr'>quibuscunque</span> <span class='ocrx_word' id='word_1_294' title='bbox 963 3832 996 3896; x_wconf 91' lang='lat' dir='ltr'>in</span> <span class='ocrx_word' id='word_1_295' title='bbox 1029 3830 1207 3913; x_wconf 88' lang='lat' dir='ltr'>praedictas</span> <span class='ocrx_word' id='word_1_296' title='bbox 1234 3830 1378 3895; x_wconf 89' lang='lat' dir='ltr'>civitates</span> 
     </span>
     <span class='ocr_line' id='line_1_36' title="bbox 182 3934 1378 4018; baseline -0.002 -19"><span class='ocrx_word' id='word_1_297' title='bbox 182 3934 299 4002; x_wconf 89' lang='lat' dir='ltr'>ducere</span> <span class='ocrx_word' id='word_1_298' title='bbox 322 3936 417 4003; x_wconf 89' lang='lat' dir='ltr'>debet</span> <span class='ocrx_word' id='word_1_299' title='bbox 438 3936 558 4003; x_wconf 90' lang='lat' dir='ltr'>ibidem</span> <span class='ocrx_word' id='word_1_300' title='bbox 580 3937 676 4003; x_wconf 87' lang='lat' dir='ltr'>alicui</span> <span class='ocrx_word' id='word_1_301' title='bbox 699 3937 816 4003; x_wconf 92' lang='lat' dir='ltr'>civium</span> <span class='ocrx_word' id='word_1_302' title='bbox 838 3934 1038 4018; x_wconf 87' lang='lat' dir='ltr'>assignanda,</span> <span class='ocrx_word' id='word_1_303' title='bbox 1062 3936 1125 4001; x_wconf 89' lang='lat' dir='ltr'>nisi</span> <span class='ocrx_word' id='word_1_304' title='bbox 1144 3935 1270 4000; x_wconf 87' lang='lat' dir='ltr'>literam</span> <span class='ocrx_word' id='word_1_305' title='bbox 1288 3935 1378 4000; x_wconf 88' lang='lat' dir='ltr'>testi-</span> 
     </span>
     <span class='ocr_line' id='line_1_37' title="bbox 181 4033 1377 4124; baseline -0.001 -20"><span class='ocrx_word' id='word_1_306' title='bbox 181 4041 349 4107; x_wconf 90' lang='lat' dir='ltr'>monialem</span> <span class='ocrx_word' id='word_1_307' title='bbox 370 4039 487 4105; x_wconf 88' lang='lat' dir='ltr'>habeat</span> <span class='ocrx_word' id='word_1_308' title='bbox 510 4040 650 4121; x_wconf 87' lang='lat' dir='ltr'>eandem,</span> <span class='ocrx_word' id='word_1_309' title='bbox 674 4060 768 4124; x_wconf 89' lang='lat' dir='ltr'>quam</span> <span class='ocrx_word' id='word_1_310' title='bbox 791 4041 870 4106; x_wconf 92' lang='lat' dir='ltr'>civis</span> <span class='ocrx_word' id='word_1_311' title='bbox 892 4039 1007 4122; x_wconf 89' lang='lat' dir='ltr'>ahquis</span> <span class='ocrx_word' id='word_1_312' title='bbox 1030 4058 1069 4105; x_wconf 79' lang='lat' dir='ltr'>ex</span> <span class='ocrx_word' id='word_1_313' title='bbox 1090 4039 1170 4123; x_wconf 90' lang='lat' dir='ltr'>ipsis</span> <span class='ocrx_word' id='word_1_314' title='bbox 1193 4033 1377 4105; x_wconf 86' lang='lat' dir='ltr'>civitatibus</span> 
     </span>
     <span class='ocr_line' id='line_1_38' title="bbox 181 4143 1378 4228; baseline -0.001 -20"><span class='ocrx_word' id='word_1_315' title='bbox 181 4162 238 4226; x_wconf 88' lang='lat' dir='ltr'>pro</span> <span class='ocrx_word' id='word_1_316' title='bbox 260 4146 472 4211; x_wconf 89' lang='lat' dir='ltr'>mercimoniis</span> <span class='ocrx_word' id='word_1_317' title='bbox 494 4144 613 4228; x_wconf 88' lang='lat' dir='ltr'>hospiti</span> <span class='ocrx_word' id='word_1_318' title='bbox 636 4163 691 4209; x_wconf 92' lang='lat' dir='ltr'>suo</span> <span class='ocrx_word' id='word_1_319' title='bbox 715 4144 756 4210; x_wconf 87' lang='lat' dir='ltr'>ad</span> <span class='ocrx_word' id='word_1_320' title='bbox 771 4150 879 4227; x_wconf 84' lang='lat' dir='ltr'>partes</span> <span class='ocrx_word' id='word_1_321' title='bbox 894 4144 1074 4227; x_wconf 83' lang='lat' dir='ltr'>praedictas</span> <span class='ocrx_word' id='word_1_322' title='bbox 1090 4143 1266 4209; x_wconf 89' lang='lat' dir='ltr'>dinoscitur·</span> <span class='ocrx_word' id='word_1_323' title='bbox 1280 4143 1378 4207; x_wconf 90' lang='lat' dir='ltr'>desti-</span> 
     </span>
     <span class='ocr_line' id='line_1_39' title="bbox 182 4248 1377 4333; baseline 0.001 -21"><span class='ocrx_word' id='word_1_324' title='bbox 182 4266 285 4313; x_wconf 87' lang='lat' dir='ltr'>nasse.</span> <span class='ocrx_word' id='word_1_325' title='bbox 318 4248 362 4313; x_wconf 78' lang='lat' dir='ltr'>st</span> <span class='ocrx_word' id='word_1_326' title='bbox 383 4250 411 4315; x_wconf 89' lang='lat' dir='ltr'>si</span> <span class='ocrx_word' id='word_1_327' title='bbox 442 4250 557 4332; x_wconf 87' lang='lat' dir='ltr'>aliquis</span> <span class='ocrx_word' id='word_1_328' title='bbox 587 4249 664 4314; x_wconf 90' lang='lat' dir='ltr'>civis</span> <span class='ocrx_word' id='word_1_329' title='bbox 694 4248 929 4331; x_wconf 86' lang='lat' dir='ltr'>praedictarum</span> <span class='ocrx_word' id='word_1_330' title='bbox 952 4248 1116 4314; x_wconf 85' lang='lat' dir='ltr'>civitatum</span> <span class='ocrx_word' id='word_1_331' title='bbox 1137 4249 1245 4333; x_wconf 85' lang='lat' dir='ltr'>aliqua</span> <span class='ocrx_word' id='word_1_332' title='bbox 1266 4248 1377 4313; x_wconf 91' lang='lat' dir='ltr'>merci-</span> 
     </span>
    </p>
   </div>
   <div class='ocr_carea' id='block_1_8' title="bbox 181 4352 1379 4447">
    <p class='ocr_par' dir='ltr' id='par_1_11' title="bbox 181 4352 1379 4447">
     <span class='ocr_line' id='line_1_40' title="bbox 181 4352 1379 4447; baseline 0 -30"><span class='ocrx_word' id='word_1_333' title='bbox 181 4354 287 4419; x_wconf 92' lang='lat' dir='ltr'>monia</span> <span class='ocrx_word' id='word_1_334' title='bbox 309 4354 378 4418; x_wconf 89' lang='lat' dir='ltr'>siue</span> <span class='ocrx_word' id='word_1_335' title='bbox 401 4355 486 4419; x_wconf 89' lang='lat' dir='ltr'>dieta</span> <span class='ocrx_word' id='word_1_336' title='bbox 508 4355 602 4419; x_wconf 88' lang='lat' dir='ltr'>litera</span> <span class='ocrx_word' id='word_1_337' title='bbox 623 4354 656 4418; x_wconf 91' lang='lat' dir='ltr'>in</span> <span class='ocrx_word' id='word_1_338' title='bbox 678 4354 766 4436; x_wconf 91' lang='lat' dir='ltr'>ipsas</span> <span class='ocrx_word' id='word_1_339' title='bbox 790 4356 935 4422; x_wconf 88' lang='lat' dir='ltr'>civitates</span> <span class='ocrx_word' id='word_1_340' title='bbox 958 4354 999 4420; x_wconf 91' lang='lat' dir='ltr'>de</span> <span class='ocrx_word' id='word_1_341' title='bbox 1021 4354 1261 4447; x_wconf 90' lang='lat' dir='ltr'>quibuscunque</span> <span class='ocrx_word' id='word_1_342' title='bbox 1276 4352 1379 4436; x_wconf 89' lang='lat' dir='ltr'>regio-</span> 
     </span>
    </p>
   </div>
   <div class='ocr_carea' id='block_1_9' title="bbox 0 0 1618 5017">
    <p class='ocr_par' dir='ltr' id='par_1_12' title="bbox 0 0 1618 5017">
     <span class='ocr_line' id='line_1_41' title="bbox 0 0 1618 5017; baseline 0 1"><span class='ocrx_word' id='word_1_343' title='bbox 0 0 1618 5017; x_wconf 95' lang='lat' dir='ltr'> </span> 
     </span>
    </p>
   </div>
  </div>
 </body>
</html>
