3225 5017
524 1203 646 1290 Caput
674 1206 888 1290 septimum.

354 1447 569 1542 divitates
601 1453 647 1542 et
668 1447 746 1568 jus
778 1447 1048 1568 municipale.

215 1798 243 1861 1.
267 1795 504 1878 Privilegia
527 1795 782 1863 civitatibus
804 1799 938 1879 regiis
960 1816 979 1861 a
998 1795 1302 1867 Wenceslaoll.

111 1920 209 1983 rege
233 1919 442 1967 concessa.
468 1901 561 1967 1285.
585 1901 636 1966 24.
661 1901 747 1986 Maji.

214 2005 485 2072 Weuoeelaus
516 2006 574 2091 (II)
604 2007 665 2071 Dei
697 2007 800 2088 gratia
833 2025 888 2070 rex
917 2006 1067 2074 Boemiae
1099 2013 1132 2072 et
1164 2008 1303 2073 marchio

111 2109 275 2178 Moraviae
306 2113 570 2176 ...statuimus
605 2116 637 2176 et
670 2111 830 2194 praesenti
863 2111 935 2194 lege
966 2117 1120 2194 perpetuo
1152 2113 1304 2178 duratura

111 2217 287 2281 sancimus:
378 2218 381 2226 '

217 2321 245 2384 1.
270 2318 315 2384 Ut
345 2320 421 2384 dicti
445 2319 531 2384 cives
553 2319 595 2384 ad
623 2319 745 2384 nullum
767 2321 865 2386 alium
893 2326 1072 2404 respectum
1094 2321 1232 2388 habeant
1253 2321 1303 2386 vel

110 2423 230 2490 habere
252 2423 397 2504 debeant,
428 2443 523 2506 quam
553 2424 594 2489 ad
616 2423 682 2489 Nos
705 2429 738 2490 et
758 2421 902 2505 Nostros,
933 2443 1012 2507 quos
1041 2426 1148 2491 divino
1174 2445 1309 2492 munere

109 2531 289 2608 sortiemur,
318 2529 462 2610 heredes,
493 2533 526 2594 et
546 2529 646 2596 Nobis
669 2549 707 2594 ac
728 2529 855 2595 Nostris
883 2529 1054 2596 heredibus
1075 2528 1170 2600 fidem
1191 2551 1304 2614 puram

39 2669 41 2676 .
111 2638 295 2699 constanter
317 2639 511 2714 conseruent,
536 2651 608 2698 cum
623 2630 1016 2716 perseuerantia'sincerae
1030 2635 1207 2701 devotionis
1230 2637 1304 2701 obe·

39 2723 41 2776 ἶ
110 2737 202 2804 diant
224 2742 257 2803 et
279 2739 461 2819 subsistant,
483 2756 542 2803 neo
556 2757 618 2803 non
634 2743 667 2803 et
681 2739 766 2822 quod
788 2740 932 2805 viventes
950 2740 1086 2805 inuicem
1108 2741 1305 2806 concorditer

110 2861 225 2924 pacem
268 2844 381 2925 colunt,
412 2848 602 2910 venerentur
630 2843 793 2927 justiciam
826 2845 909 2925 (sine
942 2845 1056 2928 quibus
1087 2845 1134 2909 nil
1166 2864 1304 2928 unquam

110 2947 258 3013 dmabile
279 2952 386 3030 potest
408 2950 492 3032 esse)
515 2954 611 3032 atque
640 2948 727 3014 illius
750 2949 913 3014 societatis
933 2949 1026 3015 beato
1048 2950 1158 3015 vivant
1178 2950 1305 3014 vinomo

110 3053 244 3133 couniti,
273 3057 310 3117 ut
340 3054 492 3137 quioquid
522 3049 681 3136 gratitudo
704 3049 924 3136 prosperitatis
950 3053 1118 3119 adduxerit
1138 3054 1190 3119 vel
1211 3072 1304 3119 casus

111 3157 268 3223 aduersus
291 3155 449 3238 inflixerit,
473 3159 629 3223 communi
652 3162 685 3222 et
706 3158 832 3240 aequali
855 3159 1022 3241 participio
1045 3159 1229 3224 sarciantur.

218 3261 248 3327 2.
272 3260 305 3326 Si
328 3262 450 3328 civitati
472 3262 609 3344 cuipiam
625 3263 795 3344 dampnum
818 3261 948 3344 aliquod
962 3263 1132 3344 ingeretur,
1155 3261 1189 3327 id
1203 3263 1305 3345 ipsius

112 3365 254 3430 civitatis
277 3365 363 3431 ciues
385 3367 427 3431 ad
448 3367 597 3432 Nostram
619 3365 762 3432 deferent
794 3367 988 3432 audientiam
1007 3385 1080 3432 oum
1102 3367 1240 3450 querela,
1265 3366 1305 3433 de
1345 3364 1348 3371 “

112 3487 173 3550 quo
198 3469 227 3533 si
250 3469 353 3536 eidem
376 3471 497 3536 ciuitati
520 3469 768 3537 satisfactionem
783 3471 985 3556 ‚condignam
1006 3471 1194 3551 facere-non
1216 3477 1305 3555 pote·

112 3573 213 3638 umus
240 3573 382 3640 exhiberi
413 3575 609 3640 contumacia
637 3575 732 3655 illius,
765 3576 820 3659 qui
842 3576 991 3640 damnum
1012 3576 1127 3657 intulit,
1150 3576 1251 3642 Nobis
1273 3580 1306 3642 et

37 3711 39 3716 ·
109 3678 256 3759 justitiae
277 3696 339 3742 non
357 3683 497 3761 parente,
521 3679 675 3760 volumus,
698 3683 735 3743 ut
750 3680 790 3744 de
805 3699 960 3745 consenso
976 3685 1009 3745 et
1023 3681 1164 3747 subsidio
1179 3680 1305 3746 Nostris

114 3783 314 3864 congregatis
335 3782 469 3848 aliarum
485 3782 650 3848 civitatum
672 3785 793 3850 uiribus
818 3785 953 3850 eundem
966 3778 1133 3852 hostiliter
1153 3787 1307 3868 impetant

114 3890 145 3950 et
166 3886 210 3952 ad
232 3886 489 3952 satisfaciendum
511 3887 610 3955 Nobis
642 3906 698 3971 pro
729 3890 927 3953 contumacia
950 3893 983 3952 et
1011 3889 1090 3971 ipsis
1112 3909 1169 3973 pro
1192 3891 1305 3955 damno

113 3992 268 4056 violenter
289 3992 439 4056 inducant
462 3997 494 4056 et
517 3992 652 4075 capiant,
677 3994 705 4056 si
727 3994 874 4074 poterint,
898 3993 938 4056 de
961 4012 1105 4075 persona.

218 4097 248 4161 3.
273 4094 306 4160 Si
336 4097 451 4178 aliquis
480 4097 556 4162 baro
579 4096 629 4161 vel
652 4097 743 4160 miles
773 4100 829 4161 aut
857 4097 998 4179 ipsorum
1021 4098 1162 4165 seruiens
1185 4099 1304 4182 spoliis,

114 4201 243 4282 rapinis,
267 4199 431 4280 incendiis,
451 4201 558 4282 justae
576 4201 770 4282 probationis
789 4201 977 4267 certitudine
1002 4201 1172 4268 offendisse
1193 4203 1305 4285 proba·

113 4305 201 4369 bitur
232 4305 371 4387 aliquam
403 4305 573 4384 ciuitatem,
602 4324 622 4368 a
651 4303 750 4369 Nobis
781 4323 852 4369 cum
879 4306 1009 4387 querela
1037 4311 1171 4388 petetur,
1201 4311 1238 4368 ut
1265 4305 1305 4369 de

35 4451 36 4456 κ
110 4409 185 4491 ipso
215 4409 336 4474 laesae·
353 4410 474 4475 civitati
506 4409 647 4474 exhiberi
679 4408 834 4475 iaciamus
859 4410 1004 4492 Justitiae
1033 4412 1304 4493 complementum.
