3225 5017
535 335 601 405 Gap.
619 335 665 390 VL
684 336 739 391 Res
757 335 918 392 monetaria.
947 341 948 347 ’
1157 302 1159 309 .
1275 340 1348 391 165⁴

135 547 227 612 quam
249 515 471 594 necessitatem
492 528 544 596 val
565 528 736 596 utilitatem
759 531 811 595 vel
833 545 1064 611 quemcumque
1085 527 1182 593 alium
1197 524 1325 594 modum

134 634 291 700 adoliam
315 634 477 699 civitatem
497 634 673 701 Pilcnensis
704 634 887 717 provinciae
912 619 1154 714 transtulerint,
1170 651 1227 705 seu
1249 649 1326 714 quo·
1410 639 1414 641 “

135 757 258 822 cunque
289 739 383 806 modo
403 739 489 804 idem
511 737 628 803 ferrum
651 739 702 804 vel
732 738 957 805 ferramentum
986 739 1019 803 in
1045 737 1108 803 alia
1131 737 1259 803 civitate
1281 737 1327 800 lo-

135 848 239 910 catum
260 842 365 924 fuerit,
394 842 598 908 nihilominus
629 843 706 908 dicti
729 842 767 909 H.
801 849 833 910 et
863 845 967 909 socius
997 843 1099 927 ipsius
1131 846 1164 907 et
1192 839 1327 906 heredes

134 967 242 1014 eorum
270 945 422 1013 fabricam
443 947 477 1011 in
499 947 610 1013 eadem
634 948 770 1031 civitate,
803 949 844 1029 ad
874 968 968 1031 qnam
997 947 1115 1014 ferrum
1139 947 1328 1015 translatum

133 1052 230 1120 fuerit
247 1053 298 1118 vel
320 1053 466 1131 locatum,
491 1051 627 1118 debeant
647 1051 779 1136 pacifice
802 1058 836 1119 et
861 1053 929 1119 sine
952 1053 1199 1118 contradictione
1221 1052 1329 1135 aliqua

134 1156 307 1241 possidere,
331 1157 498 1240 omniaque
517 1157 591 1240 jura
612 1158 653 1222 ad
676 1159 779 1242 ipsam
801 1157 953 1224 fabricam
975 1157 1151 1242 spectantia
1165 1158 1329 1243 percipere

134 1264 234 1329 libere
256 1266 350 1345 atque
373 1263 474 1344 plene,
506 1263 706 1329 strictissime
735 1264 924 1344 inhibentes⁷
954 1266 990 1328 ut
1019 1255 1163 1346 magistri
1185 1246 1329 1329 monetae
1354 1305 1357 1316 ·

134 1368 240 1450 ipsum
261 1366 315 1432 H.
340 1418 347 1432 .
371 1417 378 1432 .
402 1367 435 1430 in
453 1367 588 1451 juribus
612 1388 694 1451 quae
716 1368 761 1434 hii
779 1369 834 1452 qui
860 1368 1011 1435 fabricam
1028 1369 1160 1436 eandem
1174 1367 1329 1437 hactenus

133 1475 313 1554 tenuerunt,
338 1476 569 1538 consueverunt
590 1473 764 1556 percipere,
787 1473 944 1556 impedire
965 1478 1177 1555 praesumant.
1294 1520 1297 1525 ,

241 1574 315 1645 (cod.
333 1575 425 1630 choc.
444 1575 476 1628 dc
496 1575 570 1629 Troo.
589 1576 827 1631 1311112326.-
846 1577 944 1631 memo.
963 1578 1018 1645 36.)

243 1735 293 1800 21.
317 1771 361 1798 -.-
382 1770 426 1780 -
449 1734 534 1816 quod
556 1733 745 1818 Haynrico,“
770 1735 832 1802 civi
867 1737 906 1802 de
928 1736 1035 1818 Piesk,
1057 1741 1187 1821 propter
1208 1706 1332 1816 menta

135 1858 218 1924 quae
239 1839 330 1906 nobis
351 1838 428 1904 fecit
450 1843 482 1904 et
512 1839 617 1906 facere
649 1841 767 1924 poterit
795 1841 828 1906 in
853 1841 1003 1922 futurum,
1034 1841 1237 1909 fabricam
1257 1858 1330 1905 mo·
1447 1849 1451 1853 “

135 1948 260 2010 netae
281 1944 315 2008 in
338 1943 449 2008 eadem
472 1943 601 2009 civitate
622 1943 748 2010 Pieslr
778 1947 1001 2025 concessimus,
1032 1946 1183 2028 quamdiu
1204 1964 1262 2010 nos
1284 1945 1331 2009 vi-

135 2050 287 2128 xerimus,
311 2047 544 2130 possidendam,
569 2066 639 2112 cum
662 2048 807 2114 omnibus
826 2049 951 2132 juribus
973 2048 1139 2132 adipsum
1160 2049 1332 2115 rationabi-

135 2156 211 2220 liter
243 2152 459 2238 spectantibus
489 2157 628 2236 atquae
656 2157 888 2235 spectaverunt
911 2155 1106 2236 temporibus
1135 2156 1210 2219 olim
1233 2153 1332 2236 patrie

135 2259 247 2324 nostri.
270 2258 384 2322 Nullus
408 2258 704 2340 ergo'subditorum
725 2263 904 2324 nostrorum
925 2260 1031 2342 ipsum
1050 2258 1089 2325 H.
1107 2260 1158 2326 vel
1180 2277 1255 2324 suos
1276 2259 1332 2324 be-

136 2364 232 2429 redes
252 2363 286 2428 in
307 2362 378 2446 ipsa
400 2362 520 2432 fabrica
542 2364 711 2430 molestare
733 2365 946 2446 praesumat.“

244 2467 323 2536 (mac
341 2465 379 2518 11.
397 2467 485 2533 2329.)

244 2625 294 2690 22.
318 2621 385 2689 Nos
406 2622 613 2690 Wenceslaus
635 2643 691 2690 rex
717 2624 821 2706 ,quod
832 2624 990 2709 judicium
1006 2630 1039 2690 et
1052 2627 1211 2692 monetam
1225 2625 1258 2690 in
1323 2675 1331 2690 .

138 2731 257 2797 dilecto
279 2725 365 2795 fideli
387 2734 504 2810 nostro,
528 2730 594 2796 suis
617 2729 817 2812 exigentibus
839 2731 971 2810 meritis,
991 2731 1184 2796 hereditarie
1206 2747 1333 2794 conces-

139 2837 242 2902 simus
257 2835 491 2917 possidendum,
507 2835 659 2914 volentes
676 2838 713 2899 ut
733 2835 803 2916 ipse
823 2838 856 2898 et
869 2835 1003 2899 heredes
1019 2836 1069 2900 sui
1083 2836 1216 2916 legitimi
1232 2834 1334 2899 dictos

138 2943 312 3023 proventus
335 2939 485 3023 deinceps
507 2939 684 3022 percipiant
706 2943 739 3003 et
761 2939 861 3004 libere
883 2940 1047 3021 percipere
1073 2940 1226 3006 valeant.“

247 3042 361 3108 (cholco
379 3044 411 3096 dc
430 3043 559 3096 Tncbccz.
578 3043 646 3096 mac
665 3042 701 3096 ΙΙ.
721 3044 810 3110 2330.)

247 3200 297 3267 23.
322 3199 528 3266 Wenoeslaus
555 3238 597 3248 —
623 3200 756 3284 ,dilecto
782 3197 870 3266 fideli
894 3200 934 3266 H.
970 3207 1003 3268 et
1033 3201 1203 3267 heredibus
1236 3202 1337 3284 ipsius

139 3307 310 3388 legitimis“
345 3305 501 3371 concessit
528 3304 681 3371 fabricam
706 3308 852 3371 monetae
874 3305 907 3370 in
930 3356 937 3370 .
962 3357 969 3371 .
995 3356 1002 3371 .
1027 3357 1033 3370 .
1057 3311 1212 3389 perpetuo
1234 3306 1337 3389 possi-

142 3410 291 3479 dendam.

249 3515 347 3581 (Hmlcr
362 3514 399 3566 ΙΙ.
418 3516 506 3582 2325.)

251 3637 302 3702 24.
334 3636 472 3704 Novae
505 3641 692 3702 monetae
726 3655 799 3719 per
831 3637 1116 3705 Wenoeslaum
1148 3639 1188 3704 Il.
1222 3639 1342 3704 insti·

142 3742 266 3808 tutio.

249 3843 322 3914 (coc.
333 3846 359 3914 j.
379 3844 402 3901 b.
420 3847 442 3901 Ι.
461 3847 532 3914 101.)

251 3984 581 4052 catalanenses
610 4005 665 4052 rex
687 3987 747 4032 -“
776 3986 919 4054 volentes
948 3988 1131 4054 monetariis
1159 3990 1275 4055 nostris
1304 3991 1338 4054 in

145 4090 266 4159 Ohutta
287 4092 421 4172 gratiam
435 4089 540 4158 iacere
556 4091 735 4175 specialem,
755 4091 836 4174 ipsis
854 4092 895 4157 ad
912 4091 1070 4174 salarium,
1087 4095 1170 4175 qnod
1186 4094 1338 4160 hactenus

145 4196 334 4276 habuerunt,
365 4215 463 4262 unum
484 4215 618 4278 parvum
640 4196 804 4262 denarium
836 4197 876 4263 de
906 4215 1013 4262 marca
1043 4199 1192 4281 qualibet,
1223 4201 1337 4282 quibus

145 4300 280 4365 formam
309 4300 537 4383 impresserint,
568 4301 749 4366 addendum
778 4302 935 4382 duximus,
968 4303 1153 4369 mandantes
1183 4306 1339 4369 universis

146 4403 330 4486 urborariis,
360 4409 397 4471 ut
424 4407 510 4490 ipsos
540 4405 731 4473 monetarios
759 4407 793 4472 in
822 4406 1025 4491 perceptione
1054 4409 1196 4492 ejusdem
1218 4410 1339 4475 denarii
