3225 5017
522 308 588 379 Gap.
605 308 639 363 X.
667 308 775 364 Statuta
793 306 989 379 operariorum.
1013 277 1014 282 ἵ
1303 314 1355 365 307

158 498 249 573 cuins
259 502 361 586 judici
378 503 468 586 ferto,
481 504 596 588 juratis
614 502 652 591 1s2
671 522 829 587 sexagena
843 506 876 568 et
897 501 1081 585 praedictae
1103 498 1356 578 ¹confraternitati

156 606 253 671 etiam
266 605 348 674 ferto
364 610 464 690 cedet,
489 614 522 675 et
535 610 666 695 insuper
686 609 848 693 magister,
871 608 926 692 qui
948 606 1131 689 assumpsit,
1146 606 1231 672 hunc
1254 606 1350 673 disci-

156 711 266 793 pulum
289 731 346 779 seu
371 712 526 780 famulum
548 716 756 800 derelinquat.

266 817 388 885 Damus
411 819 507 886 etiam
529 825 563 887 et
584 821 752 887 statuimus
776 819 871 885 dictis
892 817 1054 901 magistris
1069 836 1128 899 pro
1143 818 1215 899 lege
1237 816 1355 898 stabili,

156 924 193 985 ut
213 922 320 988 nullus
343 942 461 1007 eorum,
492 927 546 1009 qui
577 925 730 993 famulum
760 945 800 991 ex
822 928 915 1007 pactu
946 923 1101 1004 convenit,
1133 922 1236 987 eidem
1258 940 1355 1005 super

154 1012 296 1092 futurum
325 1047 419 1094 suum
448 1031 617 1097 servicium
647 1032 718 1113 plus
750 1049 846 1114 quam
874 1029 1031 1096 fertonem
1060 1045 1159 1109 grcss.
1192 1026 1268 1093 dare
1299 1027 1352 1092 uel

155 1134 311 1213 mutuare,
323 1133 382 1199 suh
393 1152 495 1217 poena
510 1136 604 1201 unius
621 1154 796 1217 sexagenas
812 1123 905 1200 modu
920 1133 1115 1217 praehabito,
1136 1132 1164 1196 si
1178 1131 1297 1197 ueritas
1313 1130 1354 1196 de

154 1239 355 1322 transgressu
378 1240 562 1321 constiterit,
587 1240 786 1320 dividendae,
810 1239 928 1305 audeat
943 1240 1007 1305 ullo
1029 1236 1131 1305 modu.
1156 1234 1254 1319 Sique
1277 1235 1353 1301 talis

154 1338 292 1407 famulus
314 1341 355 1407 ad
377 1342 578 1427 praefinitum
606 1349 731 1430 tempus
755 1344 929 1411 conductus
951 1365 972 1410 a
993 1344 1145 1426 magistro
1168 1360 1227 1406 suc
1248 1359 1353 1407 reces-

155 1447 235 1512 serit
255 1450 397 1529 tempore
419 1447 618 1533 incompleta,
643 1454 757 1514 extunc
779 1448 897 1530 poterit
910 1446 993 1512 intra
1007 1464 1149 1512 mensem
1163 1446 1204 1511 ad
1219 1446 1354 1513 eundem

154 1550 260 1615 redire
281 1552 315 1615 in
337 1553 408 1619 iure
430 1558 462 1619 et
484 1555 632 1637 supplere
661 1558 797 1636 tempus
829 1552 914 1635 quod
936 1552 969 1616 in
991 1551 1051 1617 hac
1081 1555 1172 1635 parte
1193 1551 1351 1634 neglexit3

154 1655 305 1721 attalem
335 1655 496 1739 famulum,
529 1660 583 1742 qui
613 1658 694 1725 infra
723 1657 787 1723 ΠΗ
817 1658 1010 1740 septimanas
1044 1657 1182 1739 Pragam
1211 1657 1352 1739 redierit,

153 1760 260 1825 nullus
297 1762 521 1844 magistrorum
558 1764 653 1831 dehet
690 1781 863 1843 assumere,
901 1749 1084 1844 antequam
1108 1761 1260 1844 magIstro
1294 1781 1351 1827 suc

152 1868 278 1947 tempus
294 1867 429 1949 expleat
453 1869 537 1951 quod
558 1869 706 1951 neglexit.
731 1867 764 1933 Si
788 1869 860 1951 quis
882 1887 958 1936 veru
980 1867 1206 1949 magistrorum
1228 1870 1375 1938 centra.

152 1970 235 2035 rium
264 1971 376 2037 fecerit
404 1974 437 2038 in
467 1973 528 2049 hac
557 1978 657 2057 parte,
694 1972 734 2037 ad
765 1973 951 2039 solvendum
973 1971 1066 2038 mado
1090 1972 1234 2056 praefato
1256 1992 1352 2039 uuam

153 2091 343 2157 sexagenam
365 2088 464 2158 grass.
489 2096 611 2160 poenae
633 2080 760 2144 nomine
782 2083 832 2144 est
854 2079 1013 2145 astrictus.

257 2179 445 2264 Quicunque
467 2182 564 2249 etiam
585 2183 767 2250 huiusmodi
801 2183 990 2250 famulorum
1014 2201 1086 2248 cum
1116 2182 1269 2264 magistro
1292 2200 1350 2246 suc

152 2303 191 2349 ex
214 2302 402 2369 quocunque
424 2304 499 2351 casu
530 2290 654 2353 certans
677 2290 710 2353 et
731 2288 861 2372 litigans
892 2288 1045 2354 adversus
1076 2306 1150 2353 eum
1180 2306 1251 2352 cum
1273 2304 1351 2370 quc-

153 2406 279 2471 cunque
301 2389 484 2456 aduersario
507 2390 661 2456 restiterit
683 2396 739 2459 aut
754 2394 788 2458 in
802 2392 944 2475 gladium
965 2392 1095 2458 irruerit
1109 2392 1161 2457 vel
1176 2391 1348 2471 cultellum,

151 2492 239 2558 nulla
267 2498 374 2560 tamen
402 2495 543 2561 laesione
573 2499 691 2576 secuta,
727 2498 788 2563 erit
817 2498 977 2579 indignus,
1012 2495 1096 2578 quod
1119 2495 1160 2561 de
1182 2499 1287 2561 cetero
1309 2496 1344 2560 in

150 2596 255 2681 Praga
276 2618 334 2681 per
355 2600 494 2684 aliquem
516 2601 739 2681 magistrorum
762 2601 803 2666 ad
827 2602 992 2668 servitium
1020 2603 1216 2679 assumatur;
1239 2604 1273 2665 et
1295 2600 1350 2683 qui

153 2720 245 2770 secus
268 2703 373 2770 faeere
405 2704 664 2786 praesumpserit,
699 2705 802 2771 solvet
822 2724 880 2788 pro
901 2725 1005 2789 poena
1029 2706 1046 2769 1
1071 2723 1261 2787 sexagenam
1290 2723 1350 2788 per

151 2808 289 2890 modum,
314 2810 368 2891 qui
390 2810 537 2893 superius
560 2807 685 2892 plenius
708 2813 758 2875 est
780 2828 960 2892 expressus,
983 2809 1101 2876 famulo
1122 2808 1346 2875 nichilominus

152 2912 313 2979 derehctc.
894 2915 1010 2983 (samma
1029 2910 1170 2966 saturat.
1189 2914 1223 2968 N.
1241 2913 1313 2981 177).

256 3037 283 3101 7.
301 3034 1183 3118 ThorificumPragensiumordinat101328.
1203 3034 1346 3104 19.ch.

151 3139 222 3204 Wir
242 3138 352 3206 Niclas
382 3139 501 3205 richter
522 3139 587 3205 und
603 3191 609 3206 .
628 3191 634 3206 .
653 3190 660 3205 .
677 3140 837 3223 schepfen‚
869 3160 986 3223 purger
1015 3140 1073 3205 der
1104 3144 1168 3206 stat
1189 3159 1229 3204 zu
1253 3140 1347 3224 Prag,

149 3244 332 3311 bechennen
349 3295 356 3311 .
374 3295 406 3311 ..
431 3245 488 3311 das
510 3246 568 3311 wir
589 3245 689 3310 durch
711 3244 769 3312 der
791 3250 855 3312 stat
876 3246 959 3311 frum
981 3245 1086 3312 willan
1107 3264 1145 3310 ze
1177 3244 1261 3327 Prag
1282 3245 1349 3311 und

152 3349 233 3414 auch
255 3349 356 3416 durch
377 3350 435 3416 der
456 3350 587 3415 meister
609 3350 667 3415 der
687 3351 821 3433 platuer,
847 3351 979 3435 puchler
1002 3347 1067 3416 und
1093 3350 1215 3415 helmer
1234 3350 1347 3430 millen,

62 3504 70 3522 .
151 3472 247 3520 unser
268 3474 395 3539 purger,
430 3456 463 3521 di
485 3456 544 3522 mit
566 3472 624 3519 uns
654 3454 720 3519 und
749 3456 806 3521 der
836 3461 900 3522 stat
928 3456 1002 3522 uhel
1032 3455 1098 3520 und
1130 3458 1187 3537 gut
1217 3453 1347 3536 leident,

151 3560 209 3626 daz
230 3578 268 3626 ze
296 3564 346 3626 rat
368 3561 495 3628 worden
527 3560 595 3626 sein
625 3559 690 3625 und
719 3561 841 3643 wellen,
874 3562 932 3627 daz
963 3561 1059 3626 dhein
1089 3560 1235 3626 vramder
1264 3578 1346 3640 man,

152 3683 187 3730 er
210 3666 256 3732 sei
278 3665 408 3732 meister
422 3665 499 3731 oder
514 3664 657 3745 chnecht‚
682 3664 750 3731 sich
765 3685 803 3732 ze
824 3666 909 3749 Prag
924 3684 1021 3732 senen
1038 3664 1126 3731 schol
1142 3664 1199 3728 der
1212 3664 1346 3745 platuer,

150 3770 282 3855 puchler
304 3771 381 3836 oder
401 3770 522 3836 helmer
543 3769 706 3836 hautwerk
727 3790 765 3836 ze
787 3772 943 3853 munchen,
969 3789 1005 3835 er
1019 3769 1082 3835 hah
1098 3767 1182 3833 denn
1204 3767 1262 3832 der
1283 3770 1348 3832 stat

148 3874 240 3941 recht
260 3874 448 3959 empfangen
469 3873 533 3939 und
554 3874 633 3939 wird
655 3894 781 3965 purger,
809 3877 858 3941 als
882 3875 972 3943 recht
993 3876 1045 3955 ist,
1068 3873 1127 3939 daz
1151 3891 1186 3937 er
1206 3872 1266 3937 mit
1287 3872 1345 3938 der

150 3984 215 4046 stat
243 3981 307 4046 und
336 3980 394 4044 mit
423 3977 513 4044 sinen
542 3979 807 4063 werchgenozzen
837 3981 901 4047 leid
932 3981 1027 4046 nebel
1055 3978 1121 4044 und
1149 3981 1214 4061 gut

1102 4083 1234 4150 (neaera
1251 4081 1307 4147 30.)

232 4173 283 4241 .8.
321 4171 643 4239 Tabernatorum
679 4174 960 4256 Pragensium
997 4170 1219 4236 ordinatio.
1260 4166 1344 4234 1330

151 4278 180 4345 8.
204 4275 293 4360 Aug

254 4380 345 4447 Wir.
363 4432 370 4448 .
389 4428 397 4443 .
413 4380 532 4449 richter
561 4380 651 4448 und.
670 4430 677 4447 .
693 4432 700 4449 .
716 4380 868 4465 schepfen
896 4380 961 4447 und
989 4398 1108 4463 purger
1136 4376 1343 4516 gemeinclich

1187 4486 1221 4536 20
