3225 5017
495 304 561 373 (lap.
579 304 652 360 VIII.
677 304 732 360 Res
751 306 959 362 ecclesiasticae.
1034 297 1037 305 ’
1275 317 1324 364 201
1430 295 1431 306 ’

130 491 207 548 ducis
225 494 356 548 lustriae
372 494 540 564 praedictam
557 497 724 566 provinciam
743 497 903 568 spoliantes,
920 498 956 553 ad
974 499 1087 568 nihilum
1106 507 1171 556 sunt
1187 501 1324 569 redactae,
1418 486 1420 496 ¹

129 581 164 635 de
182 582 280 650 quilius
298 583 327 635 in
345 583 437 636 multis
455 583 535 637 annis
547 582 646 639 firturis
658 585 727 639 nihil
739 584 849 640 dabitur
860 586 907 644 vel¹
915 585 975 640 dari
987 594 1079 656 potest
1095 588 1322 658 quoquammodo.

128 669 165 722 Et
183 670 306 738 quamvis
325 686 359 724 ex
377 671 544 739 temporibus
562 671 718 741 praeteritis
736 679 770 725 26
787 689 900 742 grossos
920 673 980 742 (sic)
994 690 1054 728 cum
1067 676 1171 744 magnis
1184 676 1324 731 laboribus

128 772 178 825 per
196 757 342 826 plebanum
360 764 388 813 et
407 775 472 819 suos
493 759 721 828 praedecessores
749 777 767 816 a
789 761 936 832 praedictis
960 762 1031 816 vibis
1057 767 1132 825 sunt¹
1147 765 1255 832 extorti,
1278 761 1325 818 ad-

124 843 223 910 juncta
241 845 323 900 etiam
342 853 574 901 sacramentorum
593 849 787 918 subtractione,
807 850 844 904 ab
862 847 956 904 eadem
980 850 1112 920 parochia
1137 851 1193 905 sint
1214 851 1326 921 recepti,

129 936 223 985 tamen
241 948 276 987 ex
289 948 367 988 nunc
383 939 412 988 et
421 934 451 988 in
462 933 555 990 futuro
568 951 741 1006 nequaquam
752 943 883 1013 poterunt
895 935 931 992 ad
943 937 1059 992 eundem
1071 936 1169 992 deduci
1184 954 1325 992 numerum

127 1026 329 1088 praenotatum.
347 1022 382 1077 It.
400 1022 500 1092 singuli
517 1022 648 1079 officiales
668 1024 837 1094 singularum
855 1024 988 1094 villarum,
1007 1025 1106 1080 silvani
1124 1023 1260 1093 custodes,
1278 1025 1325 1079 vil-

129 1106 219 1160 larum
233 1108 341 1176 judices
359 1115 388 1164 et
404 1125 546 1180 precones,
563 1100 633 1166 nihil
656 1111 761 1166 faciunt
784 1113 813 1166 in
831 1111 964 1168 dictorum
982 1111 1122 1167 firmalium
1142 1112 1325 1182 inquisitione.

237 1199 275 1261 (E
290 1199 376 1252 codice
390 1200 566 1266 formatarum
583 1219 650 1254 mon.
675 1201 825 1271 Wllseriuy.
844 1201 972 1255 ramata.
991 1202 1012 1256 I.
1032 1203 1102 1268 150.)

232 1370 384 1429 Proventus
402 1374 562 1431 monasterii
578 1374 803 1431 Brevnovviensis
827 1389 900 1453 anno
919 1380 986 1429 1406
1005 1374 1190 1446 conscriptus:

233 1459 362 1516 Fumales
385 1461 725 1532 quinquerdeoanatuum:
760 1461 851 1516 Primo
882 1460 1031 1516 decanatus
1049 1461 1324 1532 Lythomierzicensis

132 1545 281 1616 00101121]2
302 1565 358 1603 sex.
377 1567 426 1618 gr,
444 1548 594 1605 decanatus
610 1549 782 1604 Bielenensis
801 1551 851 1616 2¹l,
866 1565 923 1604 sex.
934 1567 983 1618 gr,
1001 1549 1151 1604 decanatus
1168 1549 1334 1620 Lyppensis,

127 1637 179 1698 211,
206 1650 263 1688 sex.
286 1652 335 1704 gr,
359 1634 509 1692 decanatus
531 1636 755 1692 Trzebenioensis
779 1640 829 1704 2¹s,
862 1623 918 1690 sex.
943 1654 991 1706 gr,
1018 1636 1168 1690 decanatus
1191 1636 1323 1690 Uscensis

128 1723 180 1785 21]2
201 1736 258 1775 sex,
269 1735 315 1790 gr.
333 1721 370 1777 Et
386 1724 546 1793 notandum,
564 1723 637 1793 quod
655 1725 694 1778 hii
711 1739 806 1778 omues
832 1725 942 1777 solvunt
966 1724 1166 1794 suprascriptas
1189 1723 1321 1793 pecunias

126 1822 179 1874 pro
197 1806 345 1864 fumalibus
363 1810 449 1865 semel
464 1811 494 1865 in
511 1827 594 1880 anno,
616 1810 671 1864 vid.
694 1811 723 1864 in
741 1810 905 1864 Ostensione
922 1810 1106 1878 reliquiarum.
1138 1810 1175 1864 Et
1192 1817 1324 1879 quantum

128 1894 248 1963 quisque
270 1896 449 1966 plebanorum
474 1905 584 1953 tenetur
605 1897 680 1968 dare,
703 1898 748 1951 hic
765 1903 832 1952 nota
850 1897 978 1952 inferius:
1014 1897 1138 1952 Ecclesia
1161 1897 1217 1951 00.
1234 1898 1279 1952 SS.
1296 1898 1325 1950 in

125 1980 328 2052 Lythomiericz
346 1992 380 2039 24
397 2002 437 2054 gr.
455 1992 483 2039 et
499 1987 634 2056 plebanus
653 1985 688 2039 ad
705 1986 731 2039 S.
749 1985 918 2055 Stephanum
937 1991 1015 2040 extra
1033 2001 1125 2040 muros
1145 1991 1160 2038 6
1179 2001 1228 2054 gr,
1245 1985 1324 2038 Trae-

126 2069 224 2124 benicz
241 2078 275 2127 30
293 2090 342 2143 gr,
359 2073 430 2144 Lipa
448 2089 509 2128 cum
526 2073 701 2132 Dobravoda
718 2081 752 2127 20
770 2089 818 2142 gr,
835 2073 896 2129 Vsk
915 2089 998 2143 super
1015 2073 1104 2128 Albea
1121 2080 1154 2128 36
1172 2091 1221 2142 gr,
1238 2073 1324 2143 Lapis
1413 2071 1414 2075 ’

126 2156 232 2226 Regius
251 2164 267 2212 5
285 2177 324 2230 gr.
623 2198 624 2201 ,

235 2247 343 2313 (Erotem
366 2248 485 2316 Urbate.)

236 2383 329 2452 1311.
353 2388 382 2453 3.
406 2389 493 2454 Julii.
517 2389 632 2454 Petrus
646 2389 708 2463 Dei
723 2390 826 2471 gratia
841 2388 870 2454 S.
888 2389 1141 2472 Maguntinensis
1160 2387 1247 2455 sedis
1262 2393 1321 2455 010.

126 2491 297 2558 Universis
319 2497 352 2558 et
373 2494 506 2576 singulis
528 2493 658 2558 decanis
679 2493 848 2576 Pragensis
871 2493 1008 2559 diocesis
1031 2493 1172 2576 Magunt.
1196 2495 1323 2576 provin-

128 2598 210 2677 ciae,
234 2598 369 2662 salutem
390 2598 424 2663 in
445 2598 590 2663 Domino.

235 2703 390 2783 Quoniam
412 2707 487 2767 sunt
507 2703 637 2768 nonnuli
666 2704 728 2768 viri
750 2704 969 2785 ecclesiastici,
1002 2708 1097 2785 prout
1129 2704 1162 2768 in
1196 2708 1325 2769 sanctae

126 2805 322 2872 visitationis
345 2809 505 2889 exercitio,
529 2828 624 2891 quam
646 2827 748 2890 nuper
761 2812 828 2873 tam
842 2828 900 2892 per
914 2828 981 2889 nos,
1006 2828 1101 2892 quam
1121 2827 1179 2890 per
1194 2809 1325 2875 elericos

125 2915 266 2990 nostros,
297 2929 376 2992 quos
405 2911 447 2976 ad
476 2912 536 2976 hoc
565 2913 797 2995 deputavimus,
832 2933 890 2995 per
919 2914 1080 2980 civitatem
1110 2917 1143 2978 et
1172 2912 1324 2978 diocesim

126 3017 323 3096 Pragensem
355 3016 545 3082 auctoritate
581 3019 824 3101 metropolitana
867 3020 1058 3102 peregimus,
1102 3018 1324 3096 intelleximus,

129 3121 230 3187 etiam
252 3119 313 3184 hoc
334 3121 425 3186 nobis
446 3120 531 3186 lama
553 3122 681 3203 publica
702 3122 873 3204 deferente,
898 3123 982 3206 quod
1012 3125 1154 3188 nostrum
1176 3123 1290 3188 amarit
1313 3159 1325 3168 -

127 3226 206 3290 dine
238 3224 374 3307 replevit
406 3224 559 3306 auditum,
593 3226 681 3308 inibi,
711 3228 766 3309 qui
796 3229 900 3310 legem
931 3227 1141 3293 continentiae
1164 3226 1325 3293 inductam

52 3314 56 3324 ’
127 3329 285 3395 ministris
306 3329 434 3394 Domini
455 3330 734 3412 transgredientes,
761 3330 873 3395 illicito
902 3331 1090 3397 feminarum
1120 3331 1324 3397 contubernio

125 3435 292 3499 maculant
312 3435 411 3500 vitam
433 3452 531 3500 suam.
555 3435 600 3500 Et
619 3435 695 3499 licet
709 3434 817 3500 debita
833 3453 966 3501 censma
982 3453 1135 3500 canonum
1156 3452 1322 3518 possemus

126 3541 164 3604 in
185 3539 268 3604 tales
289 3538 550 3620 animadvertere,
579 3539 717 3621 rigorem
745 3543 853 3606 tamen
878 3540 1024 3624 justitiae
1050 3539 1179 3606 dulcore
1200 3540 1324 3606 miseri-

128 3643 260 3708 cordiae
281 3645 459 3724 temperare
479 3643 632 3724 volentes,
654 3643 849 3708 Discretioni
871 3649 998 3711 vestrae
1019 3645 1053 3710 in
1073 3645 1192 3711 virtute
1214 3644 1322 3710 obedi-

129 3748 238 3813 entiae
260 3747 404 3812 districte
426 3748 638 3830 praecipimus
661 3752 694 3812 et
715 3748 911 3830 mandamus,
936 3752 1091 3832 quatenus
1120 3750 1154 3814 in
1180 3749 1324 3814 ecelesiis

129 3857 309 3919 vestrorum
331 3853 541 3918 decanatuum
563 3853 690 3935 publice
711 3853 789 3919 hora
812 3872 949 3936 congrua
978 3853 1182 3937 praecipiatis
1214 3852 1324 3937 hujus-

129 3958 219 4024 modi
240 3955 363 4022 clericis
385 3957 625 4038 concubinariis,
649 3959 704 4040 qui
726 3962 800 4023 sunt
822 3959 855 4024 in
876 3959 992 4025 vestris
1007 3958 1223 4039 decanatibus,
1240 3959 1325 4042 quod

129 4080 190 4128 nos
213 4063 271 4128 sub
293 4079 395 4142 poena
417 4063 634 4144 suspensionis
657 4065 689 4126 et
711 4063 1045 4128 excommunicationis
1061 4063 1274 4147 praecipimus
1293 4069 1325 4129 et

130 4167 325 4252 injungimus
346 4162 480 4229 firmiter
499 4185 558 4247 per
578 4170 772 4248 praesentes,
796 4172 953 4248 quatenus
983 4169 1221 4234 conservatione
1242 4168 1325 4234 bona

130 4273 273 4338 maculas
294 4270 483 4352 praeteritas
507 4271 734 4352 abstergentes,
757 4271 840 4337 inlra
870 4271 1061 4356 quindenam
1090 4293 1110 4337 a
1139 4271 1325 4338 recitatione

131 4375 348 4460 praesentium
378 4378 555 4440 cmrentem
581 4376 749 4442 mulierum
779 4377 1020 4444 contubernium
1047 4395 1176 4460 prorsus
1207 4377 1326 4442 evitent
