3225 5017
295 359 344 408 176
593 353 658 426 Gap.
675 353 736 411 VII.
755 355 886 413 Civitates
903 363 932 412 et
944 356 993 426 jus
1010 338 1192 429 municipale.¹
1307 358 1320 413 ’.

218 623 219 630 ¹
397 551 468 616 Dat.
502 551 535 616 in
569 533 681 617 castris
718 552 802 635 apud
837 553 1031 635 Opatouiozv
1051 553 1099 617 ΠΙ
1130 571 1201 617 non
1237 551 1349 621 Octob.
1387 572 1415 618 a.
1450 554 1481 642 d„

293 653 478 736 Mcocvss,
500 657 588 738 regni
611 675 687 722 rere
708 658 808 722 nostri
830 656 963 722 Romani
986 657 1142 740 praedicti
1165 672 1247 722 anno
1268 655 1307 722 X.

313 791 318 800 ·
397 777 576 848 (Bienenborq,
601 776 691 832 (lorch.
716 779 764 832 der
789 779 866 832 &aar
889 779 1050 849 Kdna‘qprdtz
1075 782 1169 831 ea-
1186 779 1278 852 buter
1292 780 1329 837 ΙΙ.
1353 784 1430 834 2149.
1448 811 1480 818 —

293 863 427 918 Elisabeth
444 866 535 933 rapina
551 865 693 936 privilcyio
711 867 872 932 mesaspus
890 886 915 920 a.
933 869 1010 935 1308,
1028 866 1074 920 die
1084 870 1126 919 18.
1141 865 1208 936 Aop.
1227 868 1394 934 confirmavit.
1406 864 1480 922 mul.

292 951 329 1004 Π.
347 954 434 1017 2174.)

395 1111 425 1176 3.
449 1111 725 1194 Privilegium
748 1111 844 1176 olim
865 1108 1483 1193 Teutonicorum'Pragensium

294 1215 458 1280 civibus
481 1215 655 1300 Majoris
679 1215 885 1282 Civitatis
913 1215 1138 1300 Prag'ensis
1161 1236 1180 1282 a
1201 1235 1298 1298 rege
1323 1215 1345 1282 J
1353 1235 1483 1284 oanne

295 1319 386 1384 1316.
411 1321 701 1387 confirmatum
724 1326 764 1388 et
786 1325 958 1387 auctum.
985 1320 1153 1409 1319:st
1177 1318 1265 1385 Julii.

348 1446 349 1455 ’
394 1457 460 1524 Nos
482 1458 643 1525 lohannes
664 1459 726 1525 Dei
755 1461 858 1542 gratia
879 1459 1030 1526 Boemiae
1053 1464 1086 1525 et
1106 1443 1257 1525 Poloniao
1271 1478 1335 1556 ¹rer
1357 1440 1394 1526 a'c
1417 1461 1481 1526 Lu-

291 1562 516 1645 zenburgensis
539 1582 651 1628 comes.
1080 1553 1083 1561 ’

395 1667 445 1732 Ad
467 1668 686 1734 universorum
715 1673 785 1750 eta,
811 1669 895 1752 quod
918 1669 1082 1735 constituti
1107 1669 1140 1733 in
1160 1667 1279 1735 Nostra
1300 1660 1483 1752 praesentia

292 1771 401 1840 fideles
443 1773 554 1840 Nostri
595 1777 679 1842 cives
717 1775 893 1859 Majoris
931 1770 1135 1840 Civitatis
1170 1773 1352 1841 Nostrae
1391 1774 1484 1840 Pra-

292 1880 443 1960 gensis‚
465 1878 567 1946 Nobis
589 1879 799 1946 exhibuerunt
821 1879 979 1963 quoddam
994 1879 1195 1961 privilegium
1209 1879 1342 1945 illustris
1362 1880 1485 1944 domini

293 1983 448 2064 Ottalrari‚
472 1984 629 2067 quondam
647 1987 731 2067 regis
746 1985 906 2066 Boemiae,
930 1984 1183 2068 praedecessoris
1198 1981 1317 2064 Nostri,
1331 1991 1413 2050 ‘cum
1436 1986 1484 2049 in-

292 2089 408 2153 stantia
428 2089 635 2171 postulantes,
658 2093 695 2154 ut
715 2090 917 2172 privilegium
939 2089 1044 2172 ipsum
1066 2092 1098 2153 et
1112 2087 1236 2169 singula
1252 2090 1399 2154 contenta
1423 2089 1483 2154 sub

291 2193 360 2274 ipso
383 2193 585 2276 dignaremur
607 2195 646 2258 de
668 2195 775 2260 innata
797 2194 898 2261 Nobis
921 2192 1087 2285 clementia
1109 2189 1301 2277 confirmare.

394 2297 498 2362 Tenon
525 2317 602 2364 vero
630 2299 790 2382 privilegii
822 2300 934 2382 ipsius,
967 2317 1061 2382 quem
1092 2298 1132 2362 de
1160 2297 1257 2364 verbo
1286 2297 1485 2364 adverbum

291 2401 388 2468 inseri
409 2402 542 2468 fecimus
563 2404 793 2488 praesentibus,
818 2423 875 2488 per
897 2405 1001 2470 omnia
1022 2405 1097 2469 telis
1120 2405 1185 2468 est:

396 2521 528 2591 (Sequitur
547 2525 717 2596 praoilcqium
741 2525 860 2578 Ottocori
882 2526 950 2595 repro
974 2527 1007 2577 ab
1031 2527 1246 2578 aaao1274.-
1264 2521 1351 2576 doda
1361 2524 1387 2592 j.
1407 2525 1442 2578 B.
1462 2524 1484 2576 I.

292 2610 325 2662 N.
346 2612 397 2678 65.)

387 2719 460 2786 Nos
482 2739 608 2803 quoque
629 2720 778 2801 Joannes
804 2720 866 2784 Dei
888 2719 990 2802 gratia
1012 2722 1082 2798 etc,
1106 2735 1256 2801 praesens
1278 2716 1485 2800 privilegium

292 2827 324 2887 et
346 2825 470 2906 singula
492 2828 638 2891 contenta
659 2826 692 2890 in
714 2825 793 2907 ipso,
825 2825 909 2888 sicut
937 2825 999 2888 rite
1021 2827 1053 2887 et
1081 2822 1311 2887 rationabiliter
1331 2839 1488 2885 concessa

292 2932 325 2992 et
351 2930 483 3011 provide
511 2929 596 2995 lacta
629 2935 711 3010 sunt,
740 2931 936 3008 innovamus,
970 2927 1180 3010 approbamus
1214 2929 1247 2991 et
1283 2925 1487 2990 auctoritatis
1570 2976 1572 2979 .

289 3031 426 3100 Nostrae
447 3036 555 3116 regiae
577 3035 751 3117 patrocinio
774 3032 1002 3099 confirmamus.
1291 3016 1301 3037 '¹

394 3157 437 3221 Et
465 3161 501 3221 ut
523 3157 607 3221 cives
629 3153 737 3221 Nostri
768 3153 923 3237 praedicti
945 3155 1042 3220 etiam
1063 3173 1121 3237 por
1141 3151 1209 3218 Nos
1232 3138 1484 3234 consolationem

291 3263 446 3344 recipiant
464 3260 658 3344 ampliorem,
682 3259 861 3341 subscripta
882 3259 1066 3340 praemissis
1088 3258 1200 3340 gratiis
1220 3256 1385 3335 adicimus,
1408 3274 1486 3337 pro·
1572 3265 1573 3268 ’

291 3366 452 3431 mittentes
481 3371 550 3431 rata
580 3370 612 3430 et
640 3363 730 3429 firma
752 3364 870 3430 habere
892 3381 929 3428 ac
955 3363 1133 3442 obseruare,
1163 3364 1380 3444 quaecumque
1401 3358 1486 3441 ipsis

291 3471 323 3535 in
345 3470 470 3538 Nostris
492 3471 593 3536 literis
615 3469 817 3553 promisimus
841 3467 1099 3551 quibuscumque.

391 3594 592 3677 ‚Spondemus
614 3591 759 3676 denique,
782 3609 892 3657 omnes
914 3609 968 3656 eos
983 3589 1106 3656 nobiles
1121 3591 1154 3652 et
1168 3587 1258 3666 alios,
1281 3585 1336 3667 qui
1358 3585 1486 3652 civibus

291 3699 370 3782 ipsis
393 3716 467 3763 suas
489 3699 634 3780 patentes
658 3714 752 3780 super
774 3696 890 3762 debitis
913 3699 945 3760 et
966 3694 1038 3760 aliis
1052 3693 1147 3758 rebus
1163 3689 1404 3773 quibuscunque
1426 3689 1486 3754 de-

292 3803 396 3867 derint
424 3803 543 3881 literas,
570 3801 610 3865 ad
633 3801 884 3866 observationem
907 3817 1024 3880 eorum
1051 3798 1092 3864 ad
1115 3815 1197 3882 quae
1218 3794 1282 3878 ipsi
1305 3811 1340 3860 se
1362 3793 1487 3875 obliga-

291 3910 412 3986 verunt,
436 3905 504 3970 sine
527 3905 661 3987 strepitu
680 3903 793 3988 judicii
817 3903 1005 3985 compellere
1028 3906 1061 3968 et
1081 3905 1198 3967 tenere.

395 3994 554 4089 Volentes',
589 4014 625 4074 ut
647 4008 674 4074 si
697 4009 814 4074 civium
844 4008 961 4089 aliquis
983 4007 1082 4090 (quod
1104 4005 1200 4088 absit)
1232 4003 1411 4086 captivatus
1432 3999 1486 4066 fu-

292 4117 361 4196 erit,
385 4113 469 4198 quod
490 4114 553 4179 nisi
575 4132 631 4196 pro
654 4113 806 4178 tredecim
828 4112 935 4194 parvis
958 4111 1073 4177 debeat
1094 4109 1232 4175 liberari.

394 4219 431 4282 In
454 4219 543 4301 cujus
567 4216 786 4297 concessionis,
809 4214 1019 4281 innovationis
1034 4219 1068 4280 et
1086 4212 1330 4280 confirmationis
1345 4211 1486 4276 Nostrae

290 4322 506 4388 testimonium
535 4326 567 4386 et
599 4324 694 4388 robur
724 4324 907 4404 praesentes
940 4319 1008 4385 fieri
1040 4310 1072 4384 et
1105 4319 1207 4400 sigillo
1238 4315 1313 4399 MaJ.
1344 4315 1486 4380 Nostrae

289 4429 441 4512 jussimus
466 4426 659 4492 communiri.
