3225 5017
431 304 495 376 Gap,
513 305 559 360 IV.
578 307 670 362 Berua
687 306 770 375 regia.
1092 352 1095 360 ,
1149 317 1201 365 129

4 497 37 556 et
59 494 230 564 tollendam
258 498 390 564 bernam
419 497 531 566 Nebus
563 483 767 582 sequentibus
797 501 977 566 nullatcnus
1002 501 1197 585 admittatur,

9 615 61 661 rec
83 600 316 681 provisionibus
339 607 371 667 et
393 601 656 669 delentionalibus
680 604 783 670 solitis
806 605 988 687 aliqualiter
1008 606 1197 688 perfruatur.

108 720 298 788 Mandemus
320 723 418 805 igitur
439 725 596 792 universis
619 729 652 790 et
675 725 809 807 siugulis
826 727 1008 808 baronibus,
1030 716 1199 811 nobilibus,

2 825 169 906 militibus,
193 827 359 894 clientibus
384 832 416 893 et
437 829 559 911 incolis,
584 830 707 896 clericis
721 834 755 895 et
768 831 870 912 laicis
894 832 1110 914 cuiuscunque
1125 853 1222 899 cou-x

2 929 133 996 ditiouis
157 932 302 1013 existant,
333 952 392 1015 per
413 931 452 998 N.
478 931 656 1000 districtum
680 938 712 999 et
733 936 930 1017 provinciam
956 937 1136 1004 const'tutis
1157 976 1201 987 —

0 1033 130 1100 illorum
152 1037 296 1117 personis
318 1041 350 1102 et
372 1039 473 1120 bonis,
496 1038 536 1104 de
558 1039 672 1121 quibus
695 1039 879 1105 nominatim
903 1059 1000 1123 supra
1018 1039 1054 1106 fit
1068 1044 1195 1125 mentio,

5 1142 166 1204 rumtaxat
198 1141 338 1224 exceptis
367 1177 411 1189 -·
440 1145 596 1226 quatenus
625 1127 777 1226 praesuiis
816 1145 1037 1213 collectoribus
1059 1146 1196 1229 [Nostris

6 1260 133 1309 uernam
154 1244 335 1312 huiusmodi
357 1264 439 1328 mox,
470 1247 545 1313 dum
576 1248 616 1313 ad
645 1266 702 1315 vos
731 1249 886 1330 venerint,
917 1249 994 1316 dare
1018 1254 1050 1315 et
1066 1246 1195 1319 'solvere

3 1345 181 1426 aebeatis;'
582 1347 584 1353 ‘
713 1353 715 1359 ’
1004 1376 1007 1385 ’

2 1488 73 1533 nam
95 1468 129 1534 in
152 1488 227 1536 casu
250 1491 312 1554 quo
339 1473 411 1556 quis
433 1478 573 1541 vestrum
627 1474 876 1560 contradictione
897 1476 1041 1558 qnalibet
1060 1495 1123 1542 nou
1146 1479 1201 1544 ob-

8 1592 31 1637 n
55 1572 117 1639 hoc
139 1574 220 1640 foret
234 1577 397 1658 negligens
417 1582 450 1643 et
463 1579 574 1644 remis-
626 1579 802 1659 stantano
823 1579 916 1644 bonis
939 1580 1035 1645 etiam
1054 1581 1199 1664 desertis

0 1697 65 1758 ns,
99 1682 212 1744 extunc
242 1681 350 1746 statim
380 1682 457 1748 dicti
480 1684 574 1748 colle
625 1683 653 1748 si
669 1702 750 1766 quae
764 1683 893 1763 fuerint,
908 1683 1055 1750 similiter
1069 1685 1199 1752 bernam

14 1789 104 1848 tores
136 1783 255 1865 Nostri,
292 1786 407 1868 quibus
443 1787 477 1852 in
513 1787 573 1854 hoc
624 1787 779 1869 integram
819 1788 1066 1870 praenominatis
1103 1791 1198 1857 colle-

2 1905 113 1952 cemus
156 1889 332 1970 plenariam
372 1895 571 1973 potestatem,
626 1891 765 1958 ctoribus
777 1891 925 1973 persolvi,
942 1895 975 1955 et
989 1892 1101 1958 eadem
1114 1894 1197 1960 bona

3 2010 55 2056 rer
77 1991 175 2057 talem
200 1993 494 2078 impignorationem
516 1997 572 2062 bo·
624 1997 750 2061 deserta
781 1996 821 2061 ob
843 2013 906 2060 nou
935 1996 1125 2063 solutionem
1146 2019 1196 2064 re-

2 2114 111 2161 iorum
148 2100 180 2160 et
216 2115 322 2163 rerurn
362 2098 403 2165 ad
444 2100 571 2182 dignam
623 2101 687 2182 gali
708 2099 845 2165 Nostrae
875 2119 1020 2166 camerae
1050 2103 1195 2168 volumus
1245 2109 1248 2114 ’

0 2200 164 2265 mendam
186 2219 243 2267 vos
259 2202 419 2269 debebunt
434 2205 570 2288 compel-
623 2209 657 2270 et
679 2204 877 2271 decernimus
900 2203 1073 2272 confiscari.

5 2323 71 2386 ere,
95 2309 190 2388 prout
212 2305 332 2373 eisdem
351 2309 570 2376 collectoribus

1 2408 158 2476 idebitur
179 2412 336 2493 expedire.
440 2473 449 2498 ,

99 2530 318 2600 Praesentium
332 2534 391 2600 sub
406 2535 513 2616 regiae
527 2534 664 2600 Nostrae
679 2531 860 2617 Majestatis
876 2533 985 2614 sigillo
1012 2534 1193 2601 testimonio

5 2634 167 2703 'terarum
190 2637 313 2704 Detum'
332 2643 390 2705 ete.

99 2774 138 2841 (E
152 2776 207 2829 cod.
225 2776 327 2829 membr.
351 2775 575 2846 Veteroprapcosi:
594 2777 692 2842 sata,
711 2775 917 2843 Berncrept‘aten
936 2782 960 2828 et
981 2793 994 2828 e
1017 2777 1072 2830 ced.
1090 2777 1192 2830 archivi

0 2868 3 2885 '
32 2860 156 2915 ebora-
175 2862 262 2917 Ebrrn.
279 2861 315 2916 ΙΙ.
334 2863 408 2928 166.)

565 3085 603 3154 Ε.

34 3203 198 3292 Spectmen
219 3205 364 3292 Reponi
386 3203 524 3270 bernola's
547 3205 592 3271 od
613 3205 764 3270 sessiones
787 3204 951 3272 diseamus
973 3206 1138 3273 Plancosis

385 3310 555 3396 spectantis
576 3308 617 3374 ab
640 3333 671 3377 a.
693 3309 790 3375 1379.

97 3520 188 3586 Anno
213 3520 303 3585 Dom.
336 3521 419 3585 1379
450 3521 628 3586 instaurata
654 3519 716 3585 luit
746 3521 879 3585 collecta
907 3521 1073 3602 generalis
1104 3540 1187 3605 quae

0 3643 88 3689 terna
111 3624 236 3703 dicitur,
265 3625 299 3688 in
320 3642 417 3705 regno
440 3621 589 3688 Boemiae
612 3643 670 3704 per
699 3642 758 3689 ser.
782 3624 968 3707 principem,
999 3625 1029 3689 d.
1053 3624 1185 3690 Wence-

0 3730 93 3794 laum
123 3746 303 3809 —regem
336 3727 376 3792 de
399 3746 553 3792 consensu
575 3729 728 3796 baronum
751 3732 1012 3812 caeterorumque
1032 3729 1185 3795 nobilium

0 3834 68 3897 icti
90 3833 188 3914 regni.
212 3832 427 3915 Perceptaque
451 3835 500 3896 est
523 3833 555 3896 in
578 3827 724 3897 districtu
746 3832 906 3897 Pilznensi
928 3853 986 3914 per
1002 3833 1185 3899 collectores

10 3938 31 4001 d
61 3936 122 4000 hoc
151 3937 329 4020 deputatos
360 3937 422 4002 vid.
454 3932 512 4017 per
541 3934 585 3999 ill.
610 3935 784 4022 principem
817 3936 845 4000 d.
869 3935 1042 4001 Hemicum
1072 3937 1185 4002 ducem

0 4042 185 4122 'rigensem
216 4039 245 4106 d.
269 4040 440 4106 Borsonem
471 4039 510 4103 de
532 4037 734 4119 Rizemburlr‚
773 4040 802 4105 d.
827 4039 987 4106 Andrean
1017 4041 1058 4105 de
1080 4041 1183 4120 Duba,

0 4144 211 4210 'urkhardum
234 4145 274 4210 de
302 4145 464 4224 Janouiez,
493 4143 682 4209 Henzlinum
713 4145 752 4208 de
775 4144 918 4224 Turkow‚
949 4144 1121 4210 Martinum
1144 4144 1184 4208 de

9 4249 220 4330 enczenstein
254 4249 467 4314 Kunsiconem
498 4248 537 4312 de
567 4247 706 4330 Hradelr,
741 4249 907 4315 Albertum
940 4249 980 4314 de
1012 4249 1181 4328 Kolourat‚

0 4353 210 4418 'ernhardum
231 4353 364 4435 Nigrum
395 4353 494 4417 civem
516 4353 708 4434 Pragensem
732 4357 764 4416 et
790 4353 931 4436 judicem
954 4354 1070 4432 curiae,
1097 4351 1182 4417 Mar-

41 4464 119 4506 Codex
129 4463 150 4516 J.
164 4463 189 4506 Β.
202 4465 229 4505 11.
241 4468 261 4506 3.
1028 4464 1043 4510 9
