3225 5017
197 288 200 293 ⁴
286 265 336 314 266
544 298 546 307 .
718 257 782 330 Cap.
801 257 847 314 IX.
863 257 1045 338 *Universitas

285 471 466 534 grossorum
488 469 600 518 census
623 453 728 532 annui,
745 469 817 518 cum
834 451 977 522 omnibus
993 470 1101 518 earum
1112 451 1247 536 juribus,
1266 451 1474 532 pertinentiis,
1570 445 1571 538 s

283 556 493 636 libertatibus,
521 555 686 637 fructibus,
725 557 939 639 proventibus
972 557 1201 637 emolumentis,
1236 555 1475 622 obventionibus
1570 541 1571 556 ³

283 661 448 741 universis,
482 660 722 743 quibuscunque
755 661 948 743 specialibus
971 660 1133 727 vocabulis
1155 661 1278 744 possint
1307 660 1475 742 designari,

285 768 380 849 prout
399 764 460 831 hoc
482 765 515 829 in
536 765 697 848 regalibus
719 764 870 831 Boemiae
892 765 993 830 literis
1015 765 1142 830 Nostris
1167 764 1305 848 desuper
1326 763 1476 830 conlectis

284 870 409 953 plenius
431 873 643 952 expressatur,
667 871 856 935 auctoritate
878 870 968 951 regia
989 869 1139 935 Boemiae
1169 870 1208 936 ab
1239 869 1383 935 omnibus
1413 867 1476 932 col-

277 975 386 1053 lectis,
414 975 539 1054 steuris,
571 974 790 1055 solutionibus,
826 973 935 1054 deciis,
965 973 1063 1040 talliis
1094 979 1126 1040 et
1155 975 1395 1057 quibuscunque
1426 990 1477 1036 ce-

287 1080 370 1145 teris
402 1078 552 1145 oneribus
580 1078 720 1144 realibus
749 1083 782 1144 et
811 1097 830 1143 a
855 1078 1076 1162 Jurisdictions
1106 1078 1317 1161 quorumlibet
1334 1077 1478 1162 judicum

286 1185 376 1266 regni
397 1182 507 1248 Nostri
530 1181 679 1248 Boemiae
701 1183 877 1262 eximimus,
902 1182 1094 1249 absolvimus
1119 1188 1151 1248 et
1172 1182 1356 1248 libertamus
1379 1181 1478 1248 omni·

287 1288 390 1369 mode,
423 1288 521 1354 barna
542 1289 641 1369 regali
664 1291 697 1353 et
714 1287 835 1370 judicio
858 1287 946 1370 regio
969 1287 1119 1353 Boemiae
1145 1288 1299 1354 duntaxat
1327 1288 1478 1369 exceptis,

287 1411 369 1475 quae
402 1411 474 1458 cum
506 1393 570 1458 sint
602 1393 732 1476 regalia,
766 1394 806 1459 ab
840 1393 910 1476 ipso
944 1411 1040 1475 regno
1077 1397 1109 1458 et
1138 1411 1253 1459 corona
1274 1392 1425 1458 Boemiae
1449 1395 1480 1456 et

289 1496 417 1579 regibus
439 1515 502 1562 non
522 1501 656 1579 possunt
677 1497 810 1562 alienari
831 1497 934 1562 titulis
957 1497 1207 1580 quibuscunque.

392 1601 575 1668 Inhibemus
597 1602 695 1683 igitur
712 1601 874 1684 judicibus
899 1603 1040 1684 singulis,
1068 1607 1101 1668 et
1128 1601 1314 1666 nominatim
1344 1599 1480 1682 Pragen-

290 1705 373 1771 sium
395 1704 536 1789 Majoris,
559 1705 693 1771 Minoris
706 1711 749 1772 et
768 1706 879 1772 Novae
903 1708 1067 1772 civitatum
1090 1711 1122 1772 et
1135 1707 1216 1786 aliisi,
1242 1705 1480 1789 quibuscunque

289 1814 477 1876 censeantur
487 1800 675 1891 nominibus,
690 1830 731 1876 ne
746 1812 900 1877 adversus
915 1812 1092 1896 praesentis
1104 1810 1240 1876 Nostrae
1253 1809 1478 1892 dispositionis,

289 1915 501 1980 concessionis
538 1933 575 1980 ac
613 1914 819 1982 ordinationis
850 1915 966 1982 scriem
995 1916 1164 1998 quicquam
1194 1915 1227 1980 in
1253 1913 1480 1997 praejudicium

288 2018 450 2084 hominum
483 2021 738 2086 atsubditorum
768 2021 846 2086 dicti
878 2019 1011 2102 Collegii
1042 2024 1231 2102 attemptare
1260 2019 1478 2101 praesumant;

288 2125 411 2189 namsi
434 2123 510 2206 quid
533 2128 777 2207 attemptaretur
797 2125 891 2190 modo
915 2125 1065 2207 quolibet,
1089 2125 1149 2189 hoc
1170 2125 1241 2207 ipso
1263 2121 1357 2204 facto,
1374 2124 1479 2188 aucto·
1570 2119 1571 2122 ’

287 2228 383 2292 ritate
397 2227 486 2309 regia
501 2225 650 2293 Boemiae
672 2233 706 2311 et
720 2229 760 2294 de
776 2233 863 2293 certa
879 2228 995 2294 Nostra
1012 2229 1144 2294 scientia
1159 2228 1281 2294 viribus
1296 2243 1475 2304 vacuamus,

289 2335 324 2396 ut
345 2330 462 2396 nullius
484 2331 606 2397 roboris
629 2335 705 2408 sint!
714 2352 752 2398 ac
774 2335 933 2399 momenti.
958 2333 991 2399 si
1014 2335 1085 2416 quis
1108 2351 1182 2398 vero
1206 2333 1359 2398 adversus
1392 2347 1479 2413 prae·

289 2440 411 2502 sentem
430 2435 579 2501 Nostram
594 2437 742 2519 paginam
764 2438 936 2520 quicquam
959 2441 1147 2520 attemptare
1162 2435 1419 2520 praesumpserit,
1443 2434 1480 2498 ab

214 2625 215 2628 Ἴ
290 2540 402 2607 eodem
429 2541 555 2621 totiens,
585 2542 731 2624 quotiens
764 2547 873 2608 contra
901 2542 1020 2608 lactum
1047 2542 1151 2623 fuerit,
1184 2545 1309 2607 centum
1338 2537 1482 2604 marchas

290 2646 413 2728 argenti
434 2645 596 2728 purissimi
618 2647 881 2715 irremissibiliter
903 2647 986 2730 exigi
1009 2646 1163 2728 volumus,
1188 2651 1220 2712 et
1242 2665 1351 2712 aarum
1365 2642 1484 2708 medie-

290 2754 389 2815 tatem
403 2748 512 2815 Nostri
533 2750 650 2832 regalis
673 2751 788 2816 aerarii
812 2749 969 2832 Boemiae,
993 2752 1155 2818 residuam
1177 2770 1252 2818 vero
1266 2747 1484 2835 partemdicti

293 2853 427 2935 Gollcgii
449 2853 643 2938 profectibus
667 2859 699 2920 et
720 2856 832 2922 usibus
855 2855 1053 2921 decernimus
1076 2855 1237 2939 applicari.
1267 2853 1486 2920 Praesentium

295 2958 354 3024 sub
377 2958 538 3040 imperalis
561 2957 697 3024 Nostrae
719 2960 896 3042 majestatis
919 2961 1023 3042 sigillo
1045 2961 1225 3026 testimonio
1248 2961 1420 3025 literarum

395 3063 514 3129 Datum
534 3062 666 3146 Pragas,
689 3082 771 3129 auno
793 3065 920 3130 Domini
950 3064 1119 3131 Millesimo
1142 3065 1365 3131 trecentesimo
1397 3081 1486 3129 sexa-

293 3168 413 3250 gesimo
437 3169 581 3251 septimo,
604 3167 781 3233 Indictione
802 3169 922 3251 quinta,
946 3169 1133 3260 X,Kalend.
1151 3168 1297 3252 Augusti,
1320 3185 1488 3251 regnorum

291 3271 480 3337 Nostrorum
512 3291 608 3365 anno
625 3272 760 3338 Romani
794 3274 945 3339 vicesimo
980 3273 1128 3356 secundo,
1162 3272 1312 3339 Boemiae
1337 3272 1487 3338 vicesimo

295 3377 406 3459 primo,
428 3376 558 3458 Imperii
579 3395 655 3442 vero
678 3377 773 3441 tertio
797 3378 951 3446 decimo'

390 3495 482 3566 (Oviq.
501 3499 573 3551 arch.
590 3497 662 3550 uuio.
682 3498 761 3568 Praq.
781 3529 816 3538 -
834 3501 904 3554 Mon.
922 3500 983 3554 bisc.
1006 3500 1081 3555 Uoc'u.
1099 3501 1167 3567 dipl.
1186 3501 1235 3554 IX.
1254 3499 1291 3551 11.
1314 3501 1350 3566 1.)

398 3673 427 3738 9.
459 3671 627 3738 Statuta
649 3675 852 3756 primaria
875 3675 1099 3742 Generalis
1130 3675 1270 3741 Studii
1301 3693 1371 3741 seu
1399 3672 1489 3738 Uni-

294 3775 522 3844 rersitatis
545 3777 776 3860 Pragensis
800 3799 846 3846 ca.
872 3781 964 3846 1368.

270 3922 272 3925 ·
399 3898 427 3964 1.
451 3897 600 3976 Qualis
623 3900 1085 3988 debeatessopersona,
1110 3901 1367 3986 quaepossit
1389 3900 1490 3982 eligi

294 4016 334 4081 in
349 4005 556 4069 rectorem
578 4003 899 4074 Universitatis.
924 4007 974 4074 Ad
996 4012 1172 4075 rectoratus
1195 4005 1335 4073 cilicium
1357 4006 1491 4088 eligatur

295 4124 430 4188 persona
452 4106 677 4174 Universitatis
692 4113 828 4192 nostrae,
853 4131 935 4194 quae
950 4115 1015 4179 vita
1032 4117 1064 4180 et
1080 4114 1220 4180 moribus
1233 4111 1490 4180 commendabilis

294 4212 411 4277 existat
425 4216 458 4276 et
468 4210 557 4277 XXV
568 4232 684 4280 annum
699 4218 814 4281 aetatis
826 4235 902 4282 suae
914 4218 1064 4300 adtigerit
1076 4223 1107 4283 et
1119 4201 1159 4283 de
1170 4217 1312 4301 legitimo
1319 4219 1413 4284 thoro
1422 4236 1489 4301 pro-

296 4320 421 4380 creatus
433 4315 581 4397 exsistat3
594 4318 634 4384 de
646 4337 709 4400 qua
720 4322 825 4386 aetate
837 4325 869 4385 at
880 4320 1091 4405 legitimitate,
1104 4325 1131 4390 si
1141 4322 1432 4407 perUniversitatis
1444 4341 1489 4388 rs·
1570 4389 1571 4408 ,
