3225 5017
584 282 650 353 cap.
669 281 715 337 rx.
734 282 912 342 Universicas.
974 330 976 336 .
1239 323 1243 334 .
1293 256 1346 346 161

150 478 268 538 ctorem
291 475 455 557 antiquum
478 481 511 542 61
532 477 729 544 consiliarios
755 478 925 559 dubitetur,
957 477 1177 547 deficientibus
1206 483 1240 548 in
1269 502 1342 551 eon*

147 580 281 644 tranium
303 581 551 662 probationibus,
583 583 669 648 credi
698 583 794 650 debet
823 583 916 650 electi
945 587 1092 669 propriae
1122 588 1341 656 conscientiae.

146 681 214 748 Nec
245 685 385 766 exspiret
414 686 536 769 antiqui
566 688 698 752 rectoris
724 686 872 768 officium,
897 688 997 754 donec
1019 707 1119 755 novus
1141 695 1339 776 acceptetur3

145 792 219 869 post
247 789 316 872 ejus
349 791 600 874 acceptationem
633 791 773 858 officinm
805 793 900 875 primi
933 795 1065 864 rectoris
1101 797 1274 878 exspirabit
1308 799 1340 863 in

144 896 255 959 totum.
279 895 368 975 Item,
392 897 420 961 si
443 902 551 964 contra
572 916 739 981 personam
769 897 863 964 electi
893 898 1000 981 aliquo
1030 899 1070 964 de
1099 901 1338 983 exceptionibus
1448 907 1449 910 ’
1488 941 1489 950 1
1524 993 1526 1000 ⁴

143 995 375 1082 infrascriptis
397 1003 574 1086 opponitur,
605 1022 687 1087 quae
720 1003 754 1068 in
776 998 949 1068 continenti
979 1003 1106 1086 probari
1135 1022 1198 1070 non
1227 1007 1337 1088 possit,

142 1106 188 1183 ut,
213 1105 297 1187 quod
318 1123 381 1171 non
402 1109 446 1175 sit
466 1108 641 1175 membrum
663 1107 890 1179 Univemitatis
912 1111 1040 1193 nostrae
1054 1108 1258 1190 intitulatum,
1282 1108 1336 1184 vel

142 1207 186 1271 sit
207 1209 371 1292 illegitime
392 1215 496 1292 natus,
527 1213 578 1276 161
607 1213 705 1277 etiam
734 1214 930 1296 conjugatus,
961 1231 1023 1280 non
1055 1214 1198 1297 clericus,
1222 1214 1273 1279 vel
1297 1215 1339 1280 sit

141 1311 276 1397 alicujus
309 1316 473 1398 religionis
503 1317 674 1399 professus,
709 1318 784 1383 talis
818 1318 962 1401 exceptio
996 1322 1190 1401 proponatur
1222 1319 1338 1402 rectori
1393 1301 1394 1308 ἵ

140 1417 358 1486 universitatis
383 1425 415 1486 et
444 1422 633 1487 consiliariis
656 1422 881 1503 cognoscenda.
927 1423 970 1488 Et
992 1427 1116 1506 extunc,
1153 1424 1180 1490 si
1203 1425 1336 1509 probata
1395 1503 1397 1514 Ι

138 1518 237 1587 luerit
259 1525 403 1607 exceptio
427 1531 535 1591 contra
557 1526 694 1593 electum
715 1527 862 1610 opposita
883 1527 934 1592 vel
957 1527 1111 1610 confessa,
1133 1546 1197 1599 non
1219 1528 1332 1594 dissol-

138 1630 234 1691 vatur
255 1630 457 1712 congregatio
480 1628 717 1711 Universitatis‚
744 1629 845 1696 donec
875 1633 979 1696 rector
1007 1631 1089 1698 alius
1112 1632 1255 1714 eligatur.
1302 1631 1335 1697 si

138 1750 215 1798 vero
238 1739 432 1817 opponentes
455 1736 564 1801 statim
584 1754 648 1802 non
662 1735 874 1818 probaverint,
900 1755 982 1819 quae
998 1741 1206 1820 opponuntur,
1229 1737 1334 1820 requi-

136 1837 228 1904 rendi
250 1844 324 1905 sunt
346 1840 472 1923 publice
493 1859 552 1923 per
571 1844 726 1906 rectorem
748 1841 914 1922 antiquum
936 1841 986 1906 vel
1008 1842 1168 1907 notarium
1196 1839 1331 1907 Univer-

136 1941 242 2008 sitatis
265 1963 304 2010 ex
327 1946 458 2029 speciali
472 1945 621 2011 mandato
635 1945 778 2025 rectoris,
800 1945 852 2010 vel
874 1962 932 2028 per
946 1945 1106 2028 pedellum
1121 1945 1332 2029 requirantur,

136 2046 166 2109 si
187 2048 322 2130 probare
353 2050 453 2116 velint
486 2054 518 2115 et
540 2049 673 2134 possint,
709 2068 790 2133 quae
821 2053 1036 2133 opponuntur;
1070 2054 1102 2116 et
1123 2054 1200 2115 tunc
1222 2051 1331 2116 statim

134 2151 187 2215 vel
210 2153 383 2221 saltemca
404 2155 457 2221 die
479 2159 553 2221 ante
574 2154 801 2222 Universitatis
824 2155 1056 2237 separationem
1083 2150 1226 2238 exceptio
1257 2173 1329 2237 pro-

133 2257 239 2336 posita
260 2260 384 2326 notario
406 2259 551 2326 tradatur
570 2261 604 2325 in
626 2260 753 2343 scriptis
775 2263 809 2326 et
831 2277 936 2325 coram
957 2263 1080 2325 rectore
1102 2260 1233 2344 antiqno
1248 2258 1327 2326 Uni-

132 2363 295 2430 versitatis
317 2371 351 2432 et
380 2366 447 2431 suis
470 2365 659 2432 consiliariis
680 2365 762 2430 inira
791 2364 865 2430 XIV
895 2365 964 2430 dies
997 2366 1115 2447 primos
1148 2369 1326 2448 sequentes,

131 2471 229 2548 prout
250 2467 347 2536 fuerit
369 2470 410 2535 de
427 2471 510 2552 jnre,
533 2470 694 2554 probetur,
717 2487 775 2534 nec
797 2471 909 2552 postea
924 2467 1039 2550 aliquis
1056 2486 1217 2552 opponens
1236 2469 1326 2534 audi.-

131 2576 213 2639 atur.
236 2573 280 2639 Et
301 2575 330 2640 si
353 2575 544 2640 contrarium
566 2573 800 2657 quolibetmodo
827 2573 960 2640 fecerint
981 2573 1033 2639 vel
1051 2573 1085 2639 in
1112 2573 1327 2657 propositione

131 2675 314 2759 defecerint,
344 2680 414 2762 ipso
433 2681 506 2763 jure
535 2659 599 2745 sint
628 2679 745 2760 privati
774 2678 950 2760 privilegiis
979 2676 1214 2760 Universitatis,
1250 2675 1327 2760 quo-

131 2799 235 2862 usque
265 2782 473 2850 Universitati
502 2788 630 2850 nostrae
652 2782 775 2848 solvant
797 2783 817 2846 6
840 2779 984 2868 florenos,
1011 2801 1094 2863 quae
1116 2801 1218 2865 poena
1239 2783 1325 2848 nullo

127 2886 223 2951 modo
257 2887 352 2956 debet
383 2889 529 2969 relaxari,
560 2893 593 2953 et
621 2892 725 2954 rector
746 2886 896 2970 antiquus
925 2891 1071 2952 teneatur
1105 2904 1159 2952 eos
1182 2888 1323 2978 privatos

127 2987 233 3057 facere
266 2993 405 3058 nuntiari
438 2999 470 3059 et
503 2993 640 3058 electum
668 2990 838 3056 defendere
870 2994 1024 3058 teneatur.
1070 2989 1102 3055 Si
1134 3009 1209 3056 vero
1240 2990 1322 3058 infra
1370 3033 1377 3054 1

127 3093 249 3160 dictum
281 3082 406 3181 tempus
436 3096 534 3163 fuerit
563 3097 704 3178 legitima
741 3096 885 3179 exceptio
922 3095 1064 3178 probata,
1101 3099 1215 3161 extunc
1252 3095 1322 3178 ipse

126 3204 233 3264 rector
254 3203 404 3284 antiquus
434 3221 505 3266 cum
535 3201 707 3282 praedictis
737 3201 805 3266 suis
835 3200 1023 3266 consiliariis
1052 3199 1133 3265 inira
1158 3200 1242 3266 ‘duos
1273 3219 1322 3266 se-

127 3311 261 3387 quentes
284 3304 353 3371 dies
376 3307 588 3390 pronuntient,
612 3309 807 3389 praetactam
837 3305 1023 3371 electionem
1052 3323 1114 3370 non
1144 3306 1260 3386 valere,
1291 3309 1323 3370 et

125 3406 308 3476 immediate
331 3415 482 3476 convocet
503 3411 536 3476 in
559 3410 703 3492 sequenti
730 3410 783 3477 die
812 3409 1060 3477 Universitatem
1088 3428 1145 3494 pro
1176 3409 1320 3492 eligendo

124 3517 248 3580 rectore
288 3534 378 3597 novo,
416 3520 450 3581 et
488 3515 678 3598 procedatur
714 3516 756 3580 ad
793 3516 979 3582 electionem
1014 3511 1111 3580 talem
1147 3512 1320 3580 secundnm

124 3614 257 3685 formam
280 3619 484 3686 Statutorum.
509 3620 565 3702 (Et
589 3624 694 3685 rector
719 3619 845 3703 publice
875 3620 994 3685 nullam
1016 3619 1131 3703 pellem
1160 3618 1319 3702 incapite

123 3720 255 3805 deierat,
278 3744 372 3808 quam
395 3725 435 3790 (16
457 3725 545 3791 16116
565 3725 600 3790 in
620 3725 725 3790 hieme
746 3725 797 3790 vel
820 3725 921 3790 serico
950 3725 983 3789 in
1012 3726 1143 3803 aestate,
1174 3723 1201 3789 si
1234 3724 1316 3802 volt;

124 3846 229 3910 quam,
252 3829 280 3894 si
302 3831 439 3913 propriis
462 3830 618 3896 sumtibus
647 3848 818 3914 procurare
847 3847 909 3895 non
940 3829 1065 3912 poterit,
1099 3828 1139 3893 de
1162 3829 1318 3893 communi

121 3933 246 4014 peculio
268 3932 494 4001 Universitatis
516 3935 726 4020 procuretur.)
747 3934 866 4000 Rector
888 3934 984 4000 etiam
1007 3934 1052 3998 sic
1075 3932 1194 3998 electus
1210 3932 1314 3996 nullas

121 4037 219 4104 faciat
240 4058 395 4122 expensas
418 4040 684 4106 extraordinarias
705 4041 828 4106 ratione
850 4040 901 4105 sni
922 4041 1107 4104 rectoratus.

225 4249 255 4315 2.
271 4249 328 4315 De
343 4251 457 4316 modo
473 4247 661 4330 eligendi
676 4252 889 4314 rectorem.
906 4211 1168 4329 Naticquaelibet
1182 4245 1223 4311 de
1237 4265 1313 4330 qua·

120 4357 201 4434 tuor,
218 4353 251 4418 in
266 4372 345 4439 quas
356 4353 555 4420 Universitas
570 4358 621 4420 est
635 4351 747 4432 (111166,
771 4354 870 4434 eligat
883 4370 980 4417 unum
996 4350 1036 4416 de
1051 4370 1095 4432 se,
1112 4351 1166 4434 qni
1178 4354 1314 4434 quatuor
