3225 5017
713 1098 835 1186 eaput
855 1100 1054 1204 decimum.

342 1339 524 1436 statuto
551 1342 767 1439 artificum
796 1311 1137 1442 mechanicorum
1161 1354 1215 1446 11
1245 1349 1432 1448 aliorum

577 1530 580 1535 “
733 1517 1040 1639 operariorum.

394 1855 423 1919 1.
461 1852 679 1920 Aurifabri
715 1852 956 1935 Pragcnses.
1002 1853 1069 1920 Nos
1106 1833 1351 1926 0111111111...
1399 1859 1484 1927 Cum

289 1956 440 2023 aurifabri
472 1957 611 2023 civitatis
644 1956 813 2041 Pragensis
845 1957 946 2026 Nobis
980 1966 1194 2042 exposuerunt
1227 1981 1298 2029 cum
1337 1967 1480 2049 querela,

288 2062 373 2145 quod
402 2081 441 2128 11
470 2080 518 2144 11,
548 2062 623 2144 quia
651 2081 713 2128 non
741 2062 859 2130 licebat
879 2063 958 2146 ipsis
981 2069 1145 2147 argentum
1167 2068 1356 2150 examinare,
1378 2070 1485 2137 multa

288 2167 335 2233 eis
357 2167 554 2233 incommoda
575 2168 786 2250 emergebant,
809 2167 960 2250 volentes,
983 2173 1019 2234 ut
1040 2170 1102 2252 ipsi
1123 2189 1181 2254 per
1202 2171 1282 2238 haec
1304 2172 1345 2239 de
1370 2179 1483 2241 111111

286 2291 457 2354 gravamen
483 2292 545 2339 non
575 2272 713 2338 sentiant
741 2273 792 2338 rel
811 2272 977 2356 jacturam,
1007 2274 1086 2356 ipsis
1115 2276 1327 2343 concessimus
1359 2281 1483 2345 exami-

285 2378 382 2444 nandi
404 2381 570 2460 argentum
590 2376 724 2443 liberam
751 2376 945 2459 facultatem,
975 2377 1009 2444 in
1036 2378 1120 2444 hunc
1145 2380 1282 2463 modum,
1305 2381 1367 2448 vid.
1392 2385 1483 2467 quod

286 2502 345 2567 per
374 2487 509 2566 quatuor
538 2502 577 2549 11
606 2482 727 2548 eisdem
758 2484 876 2549 electos
907 2483 1023 2566 etjam
1046 2485 1234 2550 constitutos
1257 2486 1407 2569 stipsis,
1431 2507 1480 2555 sc.

286 2589 425 2670 Petrum,
454 2587 492 2654 Α.
524 2592 565 2654 11
597 2586 641 2652 M.
672 2586 849 2654 1111111111
880 2587 920 2652 11
941 2589 1011 2672 ipsa
1032 2588 1145 2672 Praga,
1169 2595 1333 2672 argentum
1358 2595 1481 2659 exami-

285 2697 379 2759 netur
399 2695 432 2760 11
454 2693 556 2776 domo,
580 2711 661 2776 quae
685 2692 767 2774 vulg.
790 2691 883 2760 hutta
904 2696 1114 2776 nuncupatur,
1138 2693 1340 2778 injungentes
1355 2697 1481 2762 eisdem

360 2803 396 2863 ut
418 2801 583 2880 argentum
603 2796 711 2862 taliter
732 2797 921 2878 examinent,
951 2797 1035 2879 quod
1058 2797 1185 2863 omnino
1218 2799 1260 2865 sit
1288 2818 1412 2882 purum,
1446 2804 1482 2866 11

285 2923 409 2970 onmem
431 2902 669 2985 diligentiam..
691 2901 873 2981 adhibeant,
896 2899 981 2984 quod
1003 2901 1043 2967 ab
1065 2905 1195 2984 argento
1219 2901 1343 2968 falsitas
1373 2907 1480 2972 omnis

284 3010 452 3092 relegetur,
476 3011 508 3073 ct
530 3007 615 3091 quod
636 3007 713 3074 alibi
736 3006 805 3072 sive
827 3005 962 3089 publicis
984 3007 1035 3072 vel
1054 3006 1187 3089 privatis
1201 3007 1280 3073 locis
1296 3009 1480 3076 1111111111

284 3117 450 3195 argentum
477 3130 541 3181 non
569 3112 716 3178 audeant
745 3112 846 3178 Istam
874 3113 980 3177 autem
1011 3112 1243 3178 concessionem
1273 3112 1319 3178 sic
1353 3113 1479 3180 eisdem

285 3217 431 3284 duximus
461 3216 704 3297 concedendam,
734 3219 771 3280 ut
798 3234 857 3299 per
887 3234 925 3282 ea
944 3217 1066 3281 nullum
1088 3217 1330 3298 incommodum,
1352 3217 1478 3285 nullum

283 3319 515 3406 praeiudicium
530 3324 675 3386 monetae
689 3321 740 3387 vel
755 3318 939 3386 monetariis
962 3324 1138 3402 generetur.
1175 3337 1274 3404 (moror
1291 3337 1329 3392 ΙΙ.
1347 3339 1439 3406 1141.)

386 3516 417 3580 2.
446 3511 768 3578 Ε111111111111·11
797 3511 962 3592 argenti
984 3511 1236 3594 Pragenses:
1266 3512 1477 3580 Wenceslaus

281 3638 338 3686 111
351 3656 395 3668 -
416 3617 501 3703 quod
515 3613 582 3681 Nos
595 3615 758 3698 cupientes
774 3619 811 3681 nt
824 3615 858 3680 in
871 3633 968 3697 regnu
983 3614 1099 3682 Nostro
1115 3635 1230 3698 purum
1245 3619 1413 3699 argentum
1426 3618 1477 3684 ri-

283 3728 357 3808 geat
377 3729 410 3789 11
430 3741 489 3806 per
509 3723 570 3788 hoc
592 3720 746 3804 paulatim
766 3719 969 3786 falsariorum
990 3720 1132 3802 nequitia
1154 3719 1316 3787 deleatur.
1331 3770 1339 3786 .
1355 3721 1404 3788 B.
1422 3773 1475 3792 ...

283 3834 335 3895 et.
349 3878 378 3894 ..
411 3828 533 3896 civibus
554 3825 767 3908 Pragensibus
790 3823 990 3891 examinandi
1012 3829 1178 3906 argentum
1208 3825 1335 3908 plenam
1365 3830 1398 3892 et
1436 3828 1476 3894 li-

280 3934 389 4001 beram
411 3931 611 3998 concedimus
632 3929 826 4011 facultatem,
850 3930 952 3997 solum
976 3933 1119 4012 tempore
1141 3929 1226 3996 vitae
1248 3929 1394 4011 Nostrae,
1419 3951 1475 3998 vo-

280 4040 383 4106 lentes
419 4036 504 4122 quod
539 4036 573 4101 in
609 4034 678 4101 foro
717 4034 855 4100 civitatis
890 4032 1059 4116 Pragensis
1097 4034 1224 4100 domum
1256 4031 1404 4116 habeant,
1440 4037 1474 4101 in

282 4162 344 4230 quo
373 4146 510 4228 quatuor
538 4139 763 4209 examinatoria
792 4137 993 4220 collocentur,
1024 4141 1056 4203 et
1084 4138 1119 4204 in
1149 4138 1272 4204 eisdem
1305 4144 1473 4221 argentum

281 4247 420 4316 fideliter
447 4248 626 4316 examinent
654 4247 687 4310 et
715 4244 879 4327 depurent,
909 4244 968 4310 sub
991 4243 1111 4310 eisdem
1140 4242 1383 4324 conditionibus,
1411 4245 1470 4312 sub

282 4354 396 4437 quibus
418 4356 646 4424 examinatores
666 4349 790 4432 argenti
812 4348 990 4414 examinare
1020 4351 1250 4414 consueverunt
1274 4347 1470 4431 temporibus
