3225 5017
274 346 307 395 56
476 341 541 412 Cap.
559 340 580 395 I.
599 340 653 397 Res
672 340 708 395 ad
724 341 802 409 regni
821 328 1085 397 administrationem
1104 345 1267 412 spectantes.

273 534 409 614 turbent,
444 552 515 598 curn
541 534 756 616 jurisdictioni
790 534 972 618 hujusmodi
1005 553 1067 599 non
1097 534 1213 600 debent
1244 534 1277 599 in
1306 536 1467 615 posterum
1580 585 1581 596 .

274 638 375 703 subici
386 657 445 703 111
459 658 578 720 parere.
602 638 665 704 Sed
681 640 709 704 si
724 640 862 721 cuipiam
877 639 998 723 aliquid
1014 640 1148 705 actionis
1164 656 1360 722 quocumque
1374 638 1467 703 modo

273 743 480 824 competierit,
503 761 579 807 casu
601 744 824 826 qualicumque
841 748 1031 825 emergente,
1053 744 1087 808 id
1103 762 1208 810 coram
1222 743 1321 809 Nobis
1344 761 1468 807 111111-
1579 810 1580 813 ,

272 847 399 930 pitanen
421 845 537 911 Nostro
559 848 648 928 regni
664 848 845 928 Bohemiac,
870 848 924 931 qui
940 866 996 930 pro
1021 852 1164 931 tempore
1185 848 1289 928 fuerit,
1312 847 1412 913 Nobis
1435 848 1468 911 11

271 970 367 1033 regno
382 951 498 1017 Nostro
513 970 576 1016 111
591 953 781 1033 extantibus,
801 954 893 1035 juxta
909 954 1066 1017 dictorum
1082 953 1270 1018 Nostrorum
1285 952 1420 1017 militurn
1435 956 1469 1015 11

271 1058 462 1122 vasallorum
490 1055 644 1121 hactenus
667 1058 874 1139 approbatam
904 1061 937 1121 et
965 1058 1168 1123 observatam
1197 1056 1466 1134 consuetudinem,

271 1161 386 1244 quibus
415 1162 502 1244 ipsos
533 1165 642 1227 contra
669 1161 807 1227 insultus
837 1167 870 1227 et
895 1163 1078 1228 vexationes
1109 1178 1379 1245 quorumcumque
1408 1159 1467 1223 im-
1579 1234 1580 1237 Ἴ

270 1266 479 1347 pugnantium
500 1266 645 1331 volumus
668 1267 781 1349 utique
803 1284 999 1347 conservare,
1024 1267 1130 1348 exigat
1152 1270 1185 1330 et
1205 1266 1353 1349 requirat.

376 1389 495 1454 Datum
524 1387 656 1454 Parisiis
679 1388 707 1455 V
732 1388 788 1455 fer.
821 1393 893 1472 post
924 1390 1158 1453 conversionem
1187 1389 1216 1453 b.
1244 1386 1336 1452 Pauli
1365 1390 1464 1469 apost.
1579 1380 1580 1383 ’

271 1511 299 1558 a.
324 1492 354 1559 d.
379 1492 573 1561 Mecuxu.

375 1634 533 1703 (111119.
551 1633 603 1688 111.
623 1634 692 1700 veo.)

372 1825 647 1909 Privilegium
667 1826 689 1893 J
697 1826 842 1892 oannis
864 1826 978 1907 regis
1000 1824 1256 1903 feudalibus
1286 1822 1463 1888 vasallis

270 1949 315 1996 11
344 1930 499 1995 1111111
531 1931 759 1996 districtus
789 1930 1038 1997 Gubitensis
1068 1949 1094 1995 a.
1128 1928 1209 1993 1341
1241 1928 1385 1993 datum.

372 2052 438 2117 Nos
453 2051 474 2118 J
475 2051 613 2118 ohannes
628 2053 689 2117 Dei
703 2053 805 2134 gratia
822 2052 994 2117 Bohemiae
1009 2070 1065 2116 rex
1088 2070 1125 2116 ac
1140 2048 1463 2131 Lucemburgensium

268 2174 382 2238 comes,
403 2161 513 2224 notum
534 2156 667 2223 facimus
688 2161 755 2223 tarn
775 2158 996 2240 praesentibus
1022 2175 1117 2239 quam
1139 2155 1272 2221 futuris:

372 2277 463 2343 Licet
491 2278 643 2361 principis
673 2277 842 2363 cujuslibet
872 2280 1101 2362 circumspecta
1131 2277 1328 2360 providentia
1358 2277 1464 2357 singu-

268 2383 369 2447 lorum
398 2383 500 2464 ipsius
522 2380 663 2449 fidelium
694 2388 796 2449 status
820 2386 1020 2451 considerare
1050 2388 1083 2449 et
1111 2384 1144 2448 in
1173 2382 1287 2447 melius
1317 2385 1464 2446 tencatur

269 2486 415 2567 dirigere,
431 2486 544 2551 horum
558 2492 665 2553 11111
680 2488 954 2555 commoditatibus
970 2488 1153 2571 diligentius
1168 2486 1463 2567 invigilare-astrin-

267 2592 353 2672 gitur
374 2609 414 2655 ex
428 2591 549 2671 merito,
574 2610 653 2674 quos
674 2594 771 2659 sentit
791 2594 1021 2659 adversitatum
1044 2591 1279 2674 gravaminibus
1293 2590 1463 2675 plurimum

268 2713 401 2760 1111111.

372 2815 452 2883 Cum
480 2818 590 2900 itaque
611 2815 722 2885 fideles
744 2819 856 2885 dilecti
874 2819 1026 2899 feudales,
1057 2819 1169 2885 vasalli
1198 2837 1235 2883 11
1264 2817 1384 2883 incolae
1413 2816 1462 2880 di·

268 2921 397 2985 11111111
413 2921 604 3002 Cubitensis,
629 2923 720 3005 quasi
742 2924 776 2987 in
794 2922 910 2990 finibus
925 2924 1013 3006 regni
1028 2923 1146 3003 Nostri,
1170 2922 1327 2988 extraneis
1348 2920 1461 2985 vicinis

267 3024 339 3090 cuni
357 3026 437 3108 ipsis
451 3045 515 3093 non
535 3028 694 3093 modicum
715 3028 978 3109 discordantibus,
991 3028 1205 3112 ,circumsepti
1228 3027 1348 3105 sedant,
1379 3025 1462 3089 suis-

267 3150 329 3213 que
347 3132 481 3213 juribus,
505 3132 619 3216 quibus
641 3134 682 3197 ab
704 3134 834 3215 antiquo
856 3132 928 3197 freti
952 3138 1034 3214 sunt,
1065 3138 1194 3215 propter
1216 3132 1341 3197 crebras
1363 3129 1459 3209 burg-

266 3235 446 3317 graviorum
468 3234 688 3301 Cubitensium
708 3238 900 3303 mutationes
922 3236 985 3301 frui
1007 3240 1166 3319 nequeant
1188 3240 1220 3301 et
1242 3234 1353 3317 potiri:
1384 3250 1461 3297 sane

265 3340 419 3405 baronum
439 3339 628 3407 Nostrorum
648 3340 834 3423 praehabito
859 3342 998 3421 consilio,
1025 3345 1212 3429 maturaque
1234 3338 1461 3405 deliberatione

264 3444 404 3526 praevia,
423 3445 497 3528 jura
517 3447 668 3529 ipsorum,
701 3466 783 3529 quae
805 3448 845 3513 ab
872 3447 1011 3529 antiquis
1040 3450 1134 3529 prout
1155 3448 1241 3511 certa
1263 3443 1460 3526 percepimus

266 3550 470 3632 experientia,
500 3550 678 3616 habueruut
706 3553 911 3635 temporibus,
947 3570 987 3615 ne
1017 3551 1051 3616 11
1080 3551 1200 3617 eisdem
1229 3568 1286 3632 per
1313 3546 1379 3611 Nos
1409 3548 1460 3610 vel

214 3724 217 3730 ,
265 3652 398 3718 Nostros
420 3672 619 3744 successores
641 3661 697 3721 aut
719 3658 798 3722 alios
822 3675 1021 3739 possessores
1053 3674 1110 3721 seu
1131 3653 1336 3736 burggravios
1358 3653 1459 3734 ipsius

265 3757 362 3821 castri
392 3756 573 3824 (lubitensis
609 3759 791 3826 defraudari
824 3762 877 3825 vel
914 3762 998 3826 ultra
1035 3780 1073 3826 11
1109 3758 1290 3842 aliqualiter
1325 3757 1460 3838 opprimi

264 3862 326 3944 ipsi
348 3863 472 3945 possint
492 3863 543 3928 vel
565 3863 710 3943 debeant,
741 3862 987 3930 confirmandum
1010 3864 1157 3929 duximus
1185 3866 1217 3929 et
1237 3866 1346 3925 tenore
1368 3878 1459 3942 prae-

264 3966 362 4031 sentis
385 3967 544 4051 privilegii
568 3964 804 4033 confirmemus:

370 4088 397 4154 1.
427 4088 577 4168 Primum,
612 4088 697 4171 quod
726 4090 832 4153 nullus
868 4106 911 4153 en
936 4088 1014 4171 ipsis
1044 4087 1233 4167 feudalibus,
1269 4080 1397 4152 vasallis
1427 4090 1460 4151 et

265 4191 377 4257 incolis
400 4192 441 4257 ad
462 4192 577 4256 audam
600 4192 792 4274 Progensem
815 4193 865 4257 vel
895 4193 1035 4276 aliquam
1065 4193 1179 4257 audam
1207 4192 1302 4256 aliam
1324 4191 1457 4269 evocari,

263 4296 315 4363 vel
335 4297 457 4362 ratione
479 4298 719 4380 proscriptionis
750 4317 807 4381 per
837 4298 961 4379 judices
983 4296 1117 4363 Nostros
1139 4296 1348 4379 provinciales
1370 4294 1458 4375 regni

264 4401 434 4465 Bohemiae
452 4400 598 4482 judicari·
612 4402 727 4467 debeat
749 4401 938 4482 aliqualiter,
970 4402 1026 4466 sed
1055 4404 1178 4466 tautum
1208 4418 1304 4482 super
1325 4400 1457 4480 singulis
