3225 5017
473 323 538 393 Cap.
556 322 616 378 XII.
643 324 750 377 stratae
768 328 795 377 et
813 322 1010 377 commercium.
1264 363 1266 369 2
1287 329 1338 377 343
1423 393 1425 401 J

139 534 249 581 eorum
270 516 429 583 mercibus
452 518 573 597 absque
596 517 683 581 omni
708 516 935 600 impedimento
966 519 999 580 et
1030 516 1212 597 gravamine
1241 514 1340 580 libere
1438 583 1442 593 ,

140 625 172 687 11
201 625 317 688 secure
340 622 504 704 hucusque
534 621 756 687 transivissent
786 625 818 685 et
850 639 965 685 eorum
994 621 1224 702 negotiationes
1252 637 1341 685 exer-

141 728 272 808 cueriut,
296 733 390 810 prout
412 728 459 793 eis
483 728 588 793 visum
611 729 661 791 est
682 724 791 804 utilius
816 715 974 808 expedire.

243 830 395 897 Nolentes
428 833 526 915 igitur
558 830 741 897 huiusmodi
776 832 910 896 iniurias
948 834 980 894 et
1013 830 1180 896 violentias
1214 826 1341 893 Nostris
1377 814 1382 837 '
1433 835 1435 840 '

141 938 369 1003 mercatoribus
396 938 504 1003 illatas
535 939 569 1003 et
590 956 672 1021 quae
695 937 851 1002 continue
873 934 1060 1015 inferuntur,
1073 934 1142 999 sub
1167 931 1340 1015 patientiae

142 1043 271 1109 silentio
296 1042 478 1125 praeterire,
503 1042 560 1107 sed
575 1043 681 1125 potius
703 1042 846 1126 ipsorum
869 1039 1146 1106 commoditatibus
1170 1042 1202 1103 et
1220 1035 1342 1119 profec-

142 1146 238 1228 tibus,
262 1150 299 1211 ut
319 1150 474 1227 tenemur,
497 1147 666 1213 salubriter
689 1147 865 1230 providere,
889 1146 979 1231 vobis
997 1146 1144 1211 omnibus
1161 1146 1194 1208 et
1208 1142 1342 1224 singulis

143 1251 334 1335 supradictis
357 1257 389 1317 et
410 1254 552 1317 vestrum
573 1252 708 1318 cuilibet
729 1270 787 1335 per
809 1270 853 1333 se,
878 1251 932 1334 qui
954 1250 1102 1334 requisiti
1123 1248 1260 1328 fueritis,
1292 1246 1339 1310 di-

144 1358 257 1422 stricte
277 1355 488 1438 praecipimus
519 1358 551 1419 et
573 1356 767 1435 mandamus,
792 1356 914 1439 gratiae
943 1354 1080 1420 Nostrae
1108 1355 1167 1419 sub
1198 1354 1341 1438 obtentu,

145 1466 300 1541 quatenus
323 1461 490 1525 universos
513 1465 545 1524 et
567 1460 708 1542 singulos
732 1461 818 1526 cives
841 1466 874 1525 et
895 1464 1088 1525 mercatores
1117 1459 1157 1525 dc
1186 1456 1341 1524 Oracovia

144 1570 177 1630 et
199 1565 271 1631 aliis
296 1563 480 1631 civitatibus
511 1569 543 1631 et
572 1566 665 1631 terris
697 1567 782 1647 regis
815 1565 976 1646 Polomae,
1011 1564 1263 1647 quandocunque
1294 1561 1345 1627 vel

145 1671 397 1751 quotiescunque
420 1670 540 1735 advos
563 1674 596 1735 et
618 1670 689 1737 loca
711 1676 819 1737 vestra
841 1690 912 1736 cum
934 1671 1075 1754 ipsorum
1102 1668 1259 1735 mercibus
1289 1686 1344 1748 ap·
1455 1729 1457 1732 ,

143 1774 321 1857 plicueriut,
344 1774 432 1855 ipsos
455 1774 576 1855 statim,
600 1774 685 1840 nullo
709 1775 771 1839 alio
795 1778 979 1857 exspectato
1005 1773 1164 1855 mandato,
1189 1792 1260 1839 cum
1277 1792 1343 1837 om-

145 1879 238 1944 uibus
260 1897 369 1943 eorum
390 1877 548 1944 mercibus
573 1897 593 1943 1
615 1878 705 1945 vobis
728 1878 877 1943 recedere
899 1881 933 1942 et
947 1878 1064 1960 redire,
1082 1879 1166 1944 unde
1182 1881 1342 1956 venerant,

147 1985 268 2067 cogatis
292 1987 325 2049 et
345 1982 448 2049 modis
472 1982 617 2047 omnibus
639 1980 773 2061 faciatis
796 2000 860 2048 nen
882 1984 1103 2067 permittentes
1120 1982 1248 2047 eosdem
1263 1999 1345 2045 mer-

148 2091 270 2154 catores
303 2106 355 2154 res
377 2088 522 2172 ipsorum
544 2086 630 2169 aptd
653 2104 709 2152 vos
740 2086 924 2168 dissolvere,
955 2087 1092 2169 religare
1122 2092 1179 2153 aut
1207 2088 1345 2153 vendere

148 2197 204 2258 aut
225 2192 385 2275 quaslibet
407 2192 486 2259 alias
512 2191 744 2275 negotiationes
774 2210 922 2259 exercere
951 2192 1083 2273 tamdiu,
1115 2211 1280 2275 quousque
1309 2191 1344 2255 id

148 2315 295 2380 expresse
332 2317 389 2381 per
424 2297 534 2363 literas
571 2295 705 2363 Nostrae
747 2298 1003 2364 revocaverimus
1042 2302 1074 2362 et
1112 2297 1212 2364 donec
1258 2296 1346 2362 aliud
1412 2327 1414 2338 ·

148 2422 168 2467 1
189 2401 305 2467 Nostra
328 2402 498 2469 Maiestate
520 2402 706 2486 receperitis
728 2402 762 2467 in
784 2402 951 2469 mandatis.
1016 2420 1120 2487 (11111,
1139 2421 1209 2472 sarr
1226 2419 1274 2472 rv.
1293 2420 1346 2485 ve.)

254 2592 461 2661 Sereuissimc
484 2644 491 2659 .
516 2644 523 2659 .
549 2644 555 2659 .
596 2594 809 2660 Dilectionem
830 2592 979 2659 Vestram
1002 2594 1146 2659 studiosa
1167 2597 1273 2658 mente
1296 2611 1346 2658 ro-

149 2720 268 2783 gamus,
302 2704 457 2783 quatenus
494 2700 664 2765 transitum
700 2716 811 2765 versus
848 2698 998 2763 Russiam
1033 2698 1213 2764 hominibus
1254 2698 1343 2780 regni

150 2804 258 2871 Nostri
283 2802 425 2869 Boemici
448 2806 480 2869 11
502 2803 930 2870 ducatusWratislaviensis
953 2791 1088 2869 liberum
1102 2822 1190 2868 more
1213 2804 1347 2885 pristino

152 2911 268 2975 donare
295 2908 410 2990 velitis,
441 2912 478 2973 ut
507 2910 628 2991 absque
656 2909 884 2993 impedimento
915 2909 1003 2974 velut
1032 2908 1139 2974 Vestri
1169 2909 1348 2991 regnicolae

150 3014 220 3081 1011
251 3013 370 3080 Rusiae
400 3014 532 3079 visitare
569 3014 695 3080 valeant
724 3033 781 3098 pro
811 3014 969 3081 mercibus
1003 3014 1241 3097 comparandis3
1275 3033 1349 3079 nam

153 3118 261 3184 innata
289 3116 387 3185 Vobis
416 3118 535 3183 virtute
558 3136 595 3184 ac
622 3118 813 3183 discretione
842 3119 976 3201 potestis
1007 3120 1182 3200 advertere,
1213 3119 1350 3201 qualiter

153 3241 274 3289 exnunc
296 3223 424 3287 inantea
445 3241 543 3305 regua
564 3220 714 3287 Polouiae
737 3227 770 3288 et
792 3222 942 3289 Boemiae
964 3224 1034 3306 pari
1057 3241 1154 3306 passu
1185 3226 1219 3287 et
1240 3222 1348 3304 aequi-

151 3326 252 3393 forme
273 3325 399 3393 fortuna
421 3326 602 3408 decurrunt,
626 3332 662 3392 ut
684 3328 747 3393 vid.
770 3326 887 3393 Vestra
909 3328 1074 3394 commoda
1095 3326 1196 3392 Nobis
1225 3345 1349 3408 semper

153 3436 242 3513 grato
266 3430 381 3496 affectu
404 3431 590 3497 dulcescunt
612 3436 644 3497 11
665 3433 699 3497 in
720 3432 844 3498 Vestris
867 3434 1011 3513 velimus,
1036 3434 1119 3498 sicut
1141 3438 1174 3497 et
1195 3438 1348 3511 tenemur,

153 3534 346 3619 profectibus
368 3536 512 3603 laborare
535 3588 542 3603 .
568 3588 575 3603 .
601 3588 608 3603 .
639 3536 711 3602 Non
741 3542 868 3621 oportet
896 3539 994 3620 igitur
1021 3538 1106 3603 inter
1139 3536 1349 3602 communium

153 3641 316 3707 homiuum
339 3639 493 3723 dispitare
515 3641 687 3725 profectus,
711 3642 797 3725 qued
819 3642 865 3707 ita
880 3641 1007 3708 Nostris
1029 3642 1175 3708 faveatur
1188 3641 1221 3705 iu
1235 3640 1349 3706 Vestro

154 3744 302 3827 dominio,
334 3746 416 3812 sicut
446 3747 589 3813 omnibus
621 3746 746 3813 Vestris
768 3748 801 3811 iu
823 3765 920 3829 regno
950 3748 1099 3814 Boemiae
1120 3746 1256 3828 benigna
1278 3765 1351 3829 pro-

151 3851 290 3915 motione
311 3848 445 3931 favctur,
469 3855 620 3934 quantum
642 3850 779 3917 Nostrae
802 3857 905 3918 sortes
928 3852 1097 3933 utrobique
1122 3848 1193 3932 pari
1225 3852 1351 3917 10111111

157 3952 340 4020 subsistent.

615 4074 616 4079 ’
700 4060 885 4127 (11111ιή11110,
903 4060 990 4113 Fora.
1010 4059 1070 4111 Gar.
1089 4058 1185 4127 Hoffm.
1206 4058 1316 4125 OOLII.)

259 4183 309 4249 13.
332 4182 399 4249 Nos
421 4179 582 4248 iohannes
604 4181 745 4248 marchio
768 4181 933 4249 Moraviae
956 4234 962 4246 .
988 4232 995 4246 .
1020 4233 1026 4247 .
1062 4181 1143 4247 Cum
1164 4183 1198 4246 iu
1221 4182 1350 4248 civitate

154 4286 272 4352 Nostra
287 4286 489 4355 Olomuceusi
513 4287 669 4369 depositio
685 4288 839 4353 mercium
855 4292 887 4352 et
902 4306 1011 4352 vemm
1026 4288 1243 4368 vendibilium,
1268 4306 1350 4369 quae

158 4392 332 4473 vulgariter
353 4393 599 4475 niederlaguuge
622 4392 748 4475 dicitur,
776 4393 860 4459 sita
890 4392 1047 4458 nonnullis
1077 4394 1243 4459 retroactis
1272 4397 1352 4458 tem-
