3225 5017
535 346 633 393 196
1258 336 1387 407 Cap.
1425 337 1571 391 VIII.
1622 337 1731 391 Res
1770 336 2191 392 ecclesiasticae.

531 536 596 598 in
643 530 962 597 soliditate
1006 529 1156 595 fidei
1200 548 1609 612 perseverare
1655 532 2103 615 deprehendit:
2153 554 2277 616 qua
2310 535 2389 599 de
2418 553 2489 599 re
2524 553 2637 599 nos
2669 554 2926 619 quoque

534 639 599 703 in
642 637 973 701 Ecclesiae
1017 635 1257 718 gremio
1304 633 1576 700 fideliter
1619 638 2052 718 persistentes,
2099 657 2223 703 non
2268 638 2326 703 S.
2374 638 2634 703 Patrum
2666 640 2927 705 statutis

534 743 880 821 obviantes,
928 741 1043 806 sed
1089 741 1362 824 qualiter
1405 741 1732 806 decentius
1779 747 1845 806 et
1889 745 2348 826 competentius
2395 744 2679 809 divinum
2739 764 2927 826 pera-

534 853 721 931 gatur
763 846 1062 927 officium,
1106 847 1352 910 ratione
1396 847 1869 927 investiganteS,
1918 866 2106 929 quem
2150 850 2216 913 in
2261 867 2582 913 sacrorum
2626 849 2922 914 ordinum

537 953 959 1019 celebratione
983 971 1169 1017 usum
1204 952 1439 1017 habere
1465 953 1996 1033 consueverimus
2030 954 2252 1019 subter
2280 954 2581 1018 denotare
2611 953 2919 1017 volumus,

745 1055 1053 1123 Omnibus
1111 1056 1348 1138 itaque,
1411 1057 1519 1138 qui
1577 1057 1908 1122 ordinandi
1969 1063 2134 1138 sunt,
2196 1059 2263 1124 in
2309 1058 2594 1137 ecclesia
2658 1077 2920 1139 congre-

537 1164 702 1246 gatis
749 1165 895 1244 post
937 1161 1273 1226 Introitum
1318 1164 1384 1224 et
1427 1160 1625 1243 Kyrie
1671 1166 1736 1225 et
1793 1162 2063 1243 primam
2124 1164 2473 1228 orationem
2533 1181 2932 1228 communem

538 1268 819 1332 omnium
862 1265 1352 1331 ordinandorum
1398 1267 1790 1330 vocationem
1834 1266 2119 1347 facimuS,
2165 1268 2379 1349 ibique
2424 1268 2723 1349 prostrati
2770 1269 2933 1332 leta-

538 1373 711 1436 niam
784 1370 974 1435 choro
1052 1374 1314 1435 canente
1389 1370 1643 1435 divinae
1717 1371 1976 1453 pietatis
2049 1372 2354 1437 auxilium
2428 1376 2493 1436 et
2565 1377 2933 1437 sanctorum

541 1476 816 1540 omnium
881 1474 1250 1556 suffragium
1312 1494 1504 1558 super
1561 1494 1779 1542 omnes
1840 1478 2252 1543 communiter
2308 1478 2694 1544 invocamus,
2786 1478 2929 1556 Quo

541 1581 709 1645 facto
757 1580 1092 1645 lectionem
1138 1579 1404 1660 primam
1450 1579 1683 1661 aliquis
1729 1581 2217 1647 ordinandorum
2260 1583 2641 1666 pronuntiat.

748 1684 890 1762 Qua
933 1684 1098 1749 lecta
1144 1689 1208 1748 et
1251 1685 1420 1749 dicto
1469 1684 1725 1750 Gratias
1770 1691 1835 1751 et
1879 1688 2181 1768 oratione,
2243 1689 2644 1753 ostiariorum
2689 1687 2933 1751 vocati-

545 1809 726 1855 onem
772 1793 837 1854 et
882 1790 1418 1854 consecrationem
1465 1791 1872 1856 celebramus
1920 1792 2075 1858 Post
2098 1811 2365 1874 quorum
2396 1793 2939 1858 consecrationem

542 1896 726 1961 nobis
770 1894 852 1958 ad
907 1895 1122 1960 sedem
1166 1898 1447 1960 nostram
1490 1897 1983 1977 transeuntibus,
2030 1897 2372 1963 secundam
2415 1898 2749 1962 lectionem
2778 1897 2938 1960 osti-

545 2000 718 2064 arius
780 1998 1105 2064 ordinatus
1148 2000 1319 2080 legit.
1391 1999 1494 2065 Sic
1541 1996 1839 2083 deinceps
1898 2006 2045 2068 ante
2109 2003 2365 2067 tertiam
2429 2002 2715 2082 lectoreS,
2783 2006 2939 2067 ante

545 2107 836 2186 quartam
882 2103 1245 2183 exorcistaS,
1301 2107 1448 2168 ante
1510 2105 1793 2187 quintam
1859 2106 2164 2189 akolytos‚
2226 2112 2372 2172 ante
2417 2111 2658 2172 sextam
2718 2105 2940 2172 subdi-

547 2226 777 2275 aconos
809 2208 1187 2272 ordinamus.
1234 2207 1390 2272 Post
1420 2212 1664 2274 sextam
1694 2215 1908 2275 autem
1945 2211 2280 2277 lectionem
2325 2217 2471 2277 ante
2513 2211 2939 2293 Evangelium

547 2314 823 2379 lecturos
869 2312 1267 2394 evangelium
1311 2313 1609 2379 diaconos
1657 2333 2115 2381 consecramus

756 2420 948 2484 Lecto
993 2421 1207 2483 autem
1250 2439 1290 2482 a
1333 2438 1536 2502 nuper
1579 2420 1865 2485 ordinato
1909 2421 2277 2503 Evangelio,
2331 2422 2619 2505 sequitur
2671 2420 2939 2503 presby-

548 2531 828 2590 terorum
871 2524 1138 2605 vocati0,
1184 2525 1414 2606 quibus
1459 2526 1847 2591 asstantibus
1891 2525 2052 2591 Veni
2084 2525 2311 2590 Sancte
2343 2525 2617 2609 Spiritus
2649 2525 2941 2605 canitur3

553 2631 700 2694 dein
745 2629 1055 2694 ordinatio
1103 2631 1472 2696 celebratur.
1523 2629 1917 2696 Conveniens
1963 2632 2197 2696 etenim
2241 2631 2420 2696 nobis
2466 2630 2672 2695 visum
2716 2632 2831 2708 est,
2869 2634 2947 2695 ut

552 2752 1061 2816 unumquemque
1106 2736 1173 2799 in
1216 2736 1434 2800 ordine
1479 2753 1593 2799 suo
1656 2739 1803 2800 ante
1847 2734 2141 2816 officium,
2204 2735 2373 2816 quod
2435 2735 2757 2800 subiturus
2817 2739 2941 2816 est,

478 2866 483 2871 ¹
554 2839 952 2918 ordinemus;
1011 2839 1137 2904 vid.
1204 2844 1275 2904 ut
1334 2842 1786 2907 subdiaconum
1852 2846 1999 2906 ante
2064 2840 2437 2923 Epistolam,
2505 2840 2612 2921 qui
2656 2839 2944 2903 lecturus

557 2948 655 3008 est
719 2943 1092 3027 Epistolam‚
1164 2944 1497 3011 diaconum
1564 2950 1710 3011 ante
1775 2946 2211 3027 Evangelium,
2278 2945 2719 3027 presbyterum
2791 2946 2945 3009 ante

558 3046 961 3114 Oblationem
1007 3048 1318 3130 sacrificii,
1366 3051 1534 3134 quod
1581 3051 1906 3116 oblaturus
1953 3054 2068 3131 est,
2117 3067 2572 3114 consecremus

761 3152 1037 3218 Proinde
1067 3154 1374 3219 ecclesiae
1402 3153 1675 3219 Nostrae
1709 3173 1861 3219 usus
1892 3154 2213 3237 antiquior
2249 3154 2589 3234 obtinebat,
2621 3158 2694 3218 ut
2724 3171 2947 3218 conse-

557 3259 715 3324 crati
745 3258 968 3324 eadem
991 3259 1096 3324 die
1127 3260 1486 3324 sacerdotes
1515 3260 1657 3339 Dei,
1692 3260 1744 3324 si
1769 3260 1996 3324 missas
2023 3260 2102 3324 ob
2133 3259 2409 3341 aliquam
2442 3277 2696 3322 causam
2728 3277 2840 3339 per
2870 3276 2946 3322 se

559 3363 877 3428 celebrare
913 3361 1220 3444 different,
1255 3365 1534 3444 calicem,
1567 3383 1756 3447 quem
1787 3363 1866 3428 de
1896 3383 2088 3428 manu
2118 3362 2398 3445 episcopi
2433 3380 2573 3426 cum
2618 3361 2831 3427 oblata
2875 3366 2945 3426 et

557 3469 703 3533 vino
750 3467 1122 3550 suscipiunt,
1176 3469 1242 3532 in
1285 3470 1573 3535 manibus
1619 3471 1927 3548 tenentes,
1973 3465 2252 3550 pontifici
2297 3467 2556 3531 missam
2601 3466 2947 3531 celebranti

558 3573 991 3655 sollempniter
1033 3572 1404 3637 assisterent
1448 3576 1512 3637 et
1556 3573 1853 3654 episcopo
1901 3573 2213 3637 dominica
2258 3574 2664 3635 consecrante
2709 3574 2946 3652 myste-

556 3679 672 3758 ria,
718 3678 844 3760 ipsi
890 3696 1139 3760 quoque
1182 3677 1376 3743 tacite
1421 3678 1651 3743 calices
1685 3696 1831 3742 suos
1859 3676 2325 3756 benedicerent,
2359 3680 2424 3739 et
2453 3675 2519 3738 in
2556 3672 2679 3738 fine
2708 3675 2948 3739 missae

561 3784 859 3867 episcopo
907 3782 1421 3863 communicante,
1466 3783 1591 3865 ipsi
1639 3800 1888 3865 quoque
1942 3782 2021 3845 de
2066 3780 2339 3862 propriis
2399 3779 2702 3844 calicibus
2761 3780 2945 3860 quasi

556 3907 671 3972 pro
718 3887 1150 3952 communione
1191 3887 1605 3969 perciperent.
1698 3885 1823 3950 Sed
1891 3885 2203 3966 quoniam,
2272 3887 2344 3946 ut
2409 3883 2669 3963 quidam
2735 3883 2938 3947 divini

558 3997 866 4060 tractator
906 3997 1179 4058 testatur
1223 3993 1476 4075 eloquii,
1530 3993 1675 4073 „ubi
1720 3991 1950 4055 desunt
1978 3989 2188 4067 verba,
2234 4005 2359 4051 non
2392 3990 2540 4051 sunt
2570 3985 2945 4067 sacrificia“,

562 4117 963 4182 nequaquam
1030 4097 1410 4162 dominicum
1478 4115 1704 4177 corpus
1764 4113 1906 4160 esse
1951 4093 2365 4175 suspicamur,
2426 4090 2596 4172 quod
2654 4091 2950 4156 instituta

565 4224 604 4269 a
648 4202 707 4268 S.
755 4202 1052 4268 Patribus
1096 4202 1431 4267 verborum
1477 4201 1943 4283 sollempnitate
1985 4217 2109 4263 non
2155 4199 2561 4262 consecratur
2612 4195 2778 4278 (sic).

774 4306 1264 4374 Convenientius
1308 4307 1524 4387 itaque
1561 4305 1942 4387 judicamuS,
1988 4309 2059 4368 ut
2101 4303 2187 4382 hi,
2236 4302 2346 4383 qui
2387 4301 2618 4365 missas
2666 4299 2949 4364 celebra-

565 4415 810 4493 verunt,
857 4411 1120 4490 oblataS‚
1180 4428 1336 4492 quas
1380 4410 1448 4474 in
1493 4408 1963 4474 consecratione
2008 4407 2196 4470 dante
2242 4401 2539 4487 pontifice
2580 4403 2647 4467 in
2698 4404 2952 4484 patenis
