<?xml version="1.0" encoding="UTF-8"?>
<!DOCTYPE html PUBLIC "-//W3C//DTD XHTML 1.0 Transitional//EN"
    "http://www.w3.org/TR/xhtml1/DTD/xhtml1-transitional.dtd">
<html xmlns="http://www.w3.org/1999/xhtml" xml:lang="en" lang="en">
 <head>
  <title>
</title>
<meta http-equiv="Content-Type" content="text/html;charset=utf-8" />
  <meta name='ocr-system' content='tesseract 3.04.00' />
  <meta name='ocr-capabilities' content='ocr_page ocr_carea ocr_par ocr_line ocrx_word'/>
</head>
<body>
  <div class='ocr_page' id='page_1' title='image "./codexjurisbohem02kingoog_0135.png"; bbox 0 0 3225 5017; ppageno 0'>
   <div class='ocr_carea' id='block_1_1' title="bbox 516 331 1276 402">
    <p class='ocr_par' dir='ltr' id='par_1_1' title="bbox 516 331 1276 402">
     <span class='ocr_line' id='line_1_1' title="bbox 516 331 1276 402; baseline -0.001 -18"><span class='ocrx_word' id='word_1_1' title='bbox 516 331 580 401; x_wconf 80' lang='lat' dir='ltr'>Gap.</span> <span class='ocrx_word' id='word_1_2' title='bbox 598 331 644 386; x_wconf 92' lang='lat' dir='ltr'>IV.</span> <span class='ocrx_word' id='word_1_3' title='bbox 661 331 752 386; x_wconf 87' lang='lat' dir='ltr'>Berua</span> <span class='ocrx_word' id='word_1_4' title='bbox 768 331 852 402; x_wconf 83' lang='lat' dir='ltr'>regia.</span> <span class='ocrx_word' id='word_1_5' title='bbox 1227 335 1276 383; x_wconf 79' lang='lat'>125</span> 
     </span>
    </p>
   </div>
   <div class='ocr_carea' id='block_1_2' title="bbox 101 525 1330 1450">
    <p class='ocr_par' dir='ltr' id='par_1_2' title="bbox 101 525 1330 1450">
     <span class='ocr_line' id='line_1_2' title="bbox 102 525 1277 610; baseline 0.001 -20"><span class='ocrx_word' id='word_1_6' title='bbox 102 527 274 592; x_wconf 80' lang='lat' dir='ltr'>collectores</span> <span class='ocrx_word' id='word_1_7' title='bbox 305 527 499 608; x_wconf 84' lang='lat' dir='ltr'>singulorum</span> <span class='ocrx_word' id='word_1_8' title='bbox 528 525 729 592; x_wconf 81' lang='lat' dir='ltr'><strong>districtuum</strong></span> <span class='ocrx_word' id='word_1_9' title='bbox 757 527 791 593; x_wconf 92' lang='lat' dir='ltr'>in</span> <span class='ocrx_word' id='word_1_10' title='bbox 821 527 927 594; x_wconf 88' lang='lat' dir='ltr'>littera</span> <span class='ocrx_word' id='word_1_11' title='bbox 950 526 1130 610; x_wconf 87' lang='lat' dir='ltr'>Majestatis</span> <span class='ocrx_word' id='word_1_12' title='bbox 1160 527 1277 592; x_wconf 87' lang='lat' dir='ltr'>domini</span> 
     </span>
     <span class='ocr_line' id='line_1_3' title="bbox 101 631 1276 715; baseline 0 -19"><span class='ocrx_word' id='word_1_13' title='bbox 101 631 178 712; x_wconf 89' lang='lat' dir='ltr'>regis</span> <span class='ocrx_word' id='word_1_14' title='bbox 198 631 262 698; x_wconf 93' lang='lat' dir='ltr'>sint</span> <span class='ocrx_word' id='word_1_15' title='bbox 283 635 316 698; x_wconf 90' lang='lat' dir='ltr'>et</span> <span class='ocrx_word' id='word_1_16' title='bbox 337 631 474 698; x_wconf 89' lang='lat' dir='ltr'>debeant</span> <span class='ocrx_word' id='word_1_17' title='bbox 494 649 567 697; x_wconf 89' lang='lat' dir='ltr'>esse</span> <span class='ocrx_word' id='word_1_18' title='bbox 588 631 729 714; x_wconf 88' lang='lat' dir='ltr'>ipsomm</span> <span class='ocrx_word' id='word_1_19' title='bbox 749 632 887 715; x_wconf 88' lang='lat' dir='ltr'>propriis</span> <span class='ocrx_word' id='word_1_20' title='bbox 912 631 1090 699; x_wconf 90' lang='lat' dir='ltr'>nominibus</span> <span class='ocrx_word' id='word_1_21' title='bbox 1112 631 1276 714; x_wconf 88' lang='lat' dir='ltr'>designati.</span> 
     </span>
     <span class='ocr_line' id='line_1_4' title="bbox 103 733 1330 819; baseline 0 -18"><span class='ocrx_word' id='word_1_22' title='bbox 103 735 192 801; x_wconf 81' lang='lat' dir='ltr'>Cuius</span> <span class='ocrx_word' id='word_1_23' title='bbox 219 735 346 802; x_wconf 77' lang='lat' dir='ltr'>litterae</span> <span class='ocrx_word' id='word_1_24' title='bbox 368 733 546 819; x_wconf 88' lang='lat' dir='ltr'>Majestatis</span> <span class='ocrx_word' id='word_1_25' title='bbox 574 735 716 801; x_wconf 88' lang='lat' dir='ltr'>notarius</span> <span class='ocrx_word' id='word_1_26' title='bbox 746 741 779 802; x_wconf 91' lang='lat' dir='ltr'>et</span> <span class='ocrx_word' id='word_1_27' title='bbox 807 737 886 804; x_wconf 85' lang='lat' dir='ltr'>civis</span> <span class='ocrx_word' id='word_1_28' title='bbox 916 737 1055 802; x_wconf 92' lang='lat' dir='ltr'>omnium</span> <span class='ocrx_word' id='word_1_29' title='bbox 1080 736 1280 816; x_wconf 73' lang='lat' dir='ltr'>districtuum</span> <span class='ocrx_word' id='word_1_30' title='bbox 1328 736 1330 743; x_wconf 88' lang='grc'><strong>’</strong></span> 
     </span>
     <span class='ocr_line' id='line_1_5' title="bbox 101 840 1281 926; baseline 0 -20"><span class='ocrx_word' id='word_1_31' title='bbox 101 840 129 906; x_wconf 90' lang='lat' dir='ltr'>iu</span> <span class='ocrx_word' id='word_1_32' title='bbox 148 840 348 923; x_wconf 80' lang='lat' dir='ltr'>possessione</span> <span class='ocrx_word' id='word_1_33' title='bbox 370 841 516 922; x_wconf 79' lang='lat' dir='ltr'>existant,</span> <span class='ocrx_word' id='word_1_34' title='bbox 540 840 739 926; x_wconf 79' lang='lat' dir='ltr'>pecuniaque</span> <span class='ocrx_word' id='word_1_35' title='bbox 760 843 868 908; x_wconf 84' lang='lat' dir='ltr'>totalis</span> <span class='ocrx_word' id='word_1_36' title='bbox 882 842 1022 925; x_wconf 83' lang='lat' dir='ltr'>regalem</span> <span class='ocrx_word' id='word_1_37' title='bbox 1036 856 1193 908; x_wconf 90' lang='lat' dir='ltr'>cameram</span> <span class='ocrx_word' id='word_1_38' title='bbox 1208 859 1281 906; x_wconf 88' lang='lat' dir='ltr'>con-</span> 
     </span>
     <span class='ocr_line' id='line_1_6' title="bbox 102 945 1283 1028; baseline 0.001 -18"><span class='ocrx_word' id='word_1_39' title='bbox 102 963 223 1010; x_wconf 89' lang='lat' dir='ltr'>comens</span> <span class='ocrx_word' id='word_1_40' title='bbox 245 945 279 1011; x_wconf 93' lang='lat' dir='ltr'>in</span> <span class='ocrx_word' id='word_1_41' title='bbox 300 947 502 1028; x_wconf 85' lang='lat' dir='ltr'>possessione</span> <span class='ocrx_word' id='word_1_42' title='bbox 523 946 665 1028; x_wconf 91' lang='lat' dir='ltr'>ipsorum</span> <span class='ocrx_word' id='word_1_43' title='bbox 685 946 800 1012; x_wconf 86' lang='lat' dir='ltr'>notarii</span> <span class='ocrx_word' id='word_1_44' title='bbox 827 950 861 1012; x_wconf 89' lang='lat' dir='ltr'>et</span> <span class='ocrx_word' id='word_1_45' title='bbox 881 946 960 1012; x_wconf 91' lang='lat' dir='ltr'>civis</span> <span class='ocrx_word' id='word_1_46' title='bbox 982 963 1055 1012; x_wconf 88' lang='lat' dir='ltr'>esse</span> <span class='ocrx_word' id='word_1_47' title='bbox 1075 949 1211 1026; x_wconf 89' lang='lat' dir='ltr'>tenetur,</span> <span class='ocrx_word' id='word_1_48' title='bbox 1240 946 1283 1011; x_wconf 89' lang='lat' dir='ltr'>ad</span> 
     </span>
     <span class='ocr_line' id='line_1_7' title="bbox 103 1049 1282 1134; baseline 0.004 -21"><span class='ocrx_word' id='word_1_49' title='bbox 103 1067 175 1132; x_wconf 90' lang='lat' dir='ltr'>quos</span> <span class='ocrx_word' id='word_1_50' title='bbox 202 1049 257 1116; x_wconf 89' lang='lat' dir='ltr'>alii</span> <span class='ocrx_word' id='word_1_51' title='bbox 281 1050 464 1116; x_wconf 88' lang='lat' dir='ltr'>collectores</span> <span class='ocrx_word' id='word_1_52' title='bbox 493 1055 673 1133; x_wconf 88' lang='lat' dir='ltr'>respectum</span> <span class='ocrx_word' id='word_1_53' title='bbox 701 1050 820 1118; x_wconf 89' lang='lat' dir='ltr'>habere</span> <span class='ocrx_word' id='word_1_54' title='bbox 842 1051 966 1132; x_wconf 90' lang='lat' dir='ltr'>debent,</span> <span class='ocrx_word' id='word_1_55' title='bbox 996 1051 1076 1134; x_wconf 91' lang='lat' dir='ltr'>ipsis</span> <span class='ocrx_word' id='word_1_56' title='bbox 1105 1051 1282 1120; x_wconf 87' lang='lat' dir='ltr'>assistendo</span> 
     </span>
     <span class='ocr_line' id='line_1_8' title="bbox 102 1154 1284 1240; baseline 0.002 -22"><span class='ocrx_word' id='word_1_57' title='bbox 102 1154 268 1220; x_wconf 88' lang='lat' dir='ltr'>secundum</span> <span class='ocrx_word' id='word_1_58' title='bbox 291 1158 324 1220; x_wconf 92' lang='lat' dir='ltr'>et</span> <span class='ocrx_word' id='word_1_59' title='bbox 341 1155 434 1238; x_wconf 88' lang='lat' dir='ltr'>juxta</span> <span class='ocrx_word' id='word_1_60' title='bbox 453 1155 644 1222; x_wconf 86' lang='lat' dir='ltr'>huiusmodi¹</span> <span class='ocrx_word' id='word_1_61' title='bbox 657 1155 783 1222; x_wconf 87' lang='lat' dir='ltr'>litterae</span> <span class='ocrx_word' id='word_1_62' title='bbox 804 1154 983 1240; x_wconf 75' lang='lat' dir='ltr'>Maiestatis</span> <span class='ocrx_word' id='word_1_63' title='bbox 1003 1155 1229 1222; x_wconf 69' lang='lat' dir='ltr'>confidentiam</span> <span class='ocrx_word' id='word_1_64' title='bbox 1251 1160 1284 1222; x_wconf 91' lang='lat' dir='ltr'>et</span> 
     </span>
     <span class='ocr_line' id='line_1_9' title="bbox 101 1260 1284 1345; baseline 0.004 -23"><span class='ocrx_word' id='word_1_65' title='bbox 101 1263 244 1340; x_wconf 89' lang='lat' dir='ltr'>tenorem,</span> <span class='ocrx_word' id='word_1_66' title='bbox 259 1260 428 1342; x_wconf 87' lang='lat' dir='ltr'>nulbrsque</span> <span class='ocrx_word' id='word_1_67' title='bbox 444 1263 533 1326; x_wconf 84' lang='lat' dir='ltr'>extra</span> <span class='ocrx_word' id='word_1_68' title='bbox 547 1260 680 1327; x_wconf 89' lang='lat' dir='ltr'>eandem</span> <span class='ocrx_word' id='word_1_69' title='bbox 694 1261 834 1328; x_wconf 88' lang='lat' dir='ltr'>litteram</span> <span class='ocrx_word' id='word_1_70' title='bbox 845 1260 1024 1345; x_wconf 88' lang='lat' dir='ltr'>Majestatis</span> <span class='ocrx_word' id='word_1_71' title='bbox 1037 1261 1072 1325; x_wconf 92' lang='lat' dir='ltr'>in</span> <span class='ocrx_word' id='word_1_72' title='bbox 1086 1261 1284 1327; x_wconf 88' lang='lat' dir='ltr'>collectorem</span> 
     </span>
     <span class='ocr_line' id='line_1_10' title="bbox 101 1362 1169 1450; baseline 0.003 -23"><span class='ocrx_word' id='word_1_73' title='bbox 101 1362 277 1430; x_wconf 91' lang='lat' dir='ltr'>huiusmodi</span> <span class='ocrx_word' id='word_1_74' title='bbox 298 1365 416 1432; x_wconf 88' lang='lat' dir='ltr'>beruas</span> <span class='ocrx_word' id='word_1_75' title='bbox 437 1365 631 1447; x_wconf 86' lang='lat' dir='ltr'>suscipiatur</span> <span class='ocrx_word' id='word_1_76' title='bbox 653 1383 710 1430; x_wconf 88' lang='lat' dir='ltr'>seu</span> <span class='ocrx_word' id='word_1_77' title='bbox 732 1364 919 1431; x_wconf 82' lang='lat' dir='ltr'>admittatur</span> <span class='ocrx_word' id='word_1_78' title='bbox 941 1365 1169 1450; x_wconf 88' lang='lat' dir='ltr'>quoquomodo.</span> 
     </span>
    </p>
   </div>
   <div class='ocr_carea' id='block_1_3' title="bbox 101 1486 1290 2208">
    <p class='ocr_par' dir='ltr' id='par_1_3' title="bbox 101 1486 1290 2208">
     <span class='ocr_line' id='line_1_11' title="bbox 199 1486 1287 1572; baseline 0.002 -20"><span class='ocrx_word' id='word_1_79' title='bbox 199 1486 289 1567; x_wconf 86' lang='lat' dir='ltr'>Item,</span> <span class='ocrx_word' id='word_1_80' title='bbox 312 1487 346 1554; x_wconf 91' lang='lat' dir='ltr'>in</span> <span class='ocrx_word' id='word_1_81' title='bbox 368 1487 501 1570; x_wconf 88' lang='lat' dir='ltr'>siugulis</span> <span class='ocrx_word' id='word_1_82' title='bbox 523 1488 717 1557; x_wconf 89' lang='lat' dir='ltr'>sessionibus</span> <span class='ocrx_word' id='word_1_83' title='bbox 748 1489 950 1555; x_wconf 82' lang='lat' dir='ltr'>districtuum</span> <span class='ocrx_word' id='word_1_84' title='bbox 974 1489 1208 1572; x_wconf 90' lang='lat' dir='ltr'>praedictorum</span> <span class='ocrx_word' id='word_1_85' title='bbox 1229 1507 1287 1572; x_wconf 89' lang='lat' dir='ltr'>per</span> 
     </span>
     <span class='ocr_line' id='line_1_12' title="bbox 102 1591 1287 1678; baseline 0.001 -22"><span class='ocrx_word' id='word_1_86' title='bbox 102 1591 281 1657; x_wconf 89' lang='lat' dir='ltr'>collectores</span> <span class='ocrx_word' id='word_1_87' title='bbox 311 1591 451 1675; x_wconf 90' lang='lat' dir='ltr'>duplicia</span> <span class='ocrx_word' id='word_1_88' title='bbox 480 1597 574 1676; x_wconf 89' lang='lat' dir='ltr'>pacta</span> <span class='ocrx_word' id='word_1_89' title='bbox 603 1595 778 1678; x_wconf 86' lang='lat' dir='ltr'>exigantur,</span> <span class='ocrx_word' id='word_1_90' title='bbox 808 1595 837 1661; x_wconf 92' lang='lat' dir='ltr'>si</span> <span class='ocrx_word' id='word_1_91' title='bbox 863 1594 935 1677; x_wconf 91' lang='lat' dir='ltr'>quis</span> <span class='ocrx_word' id='word_1_92' title='bbox 956 1594 1058 1676; x_wconf 88' lang='lat' dir='ltr'>pactis</span> <span class='ocrx_word' id='word_1_93' title='bbox 1075 1594 1168 1677; x_wconf 84' lang='lat' dir='ltr'>juxta</span> <span class='ocrx_word' id='word_1_94' title='bbox 1189 1592 1287 1658; x_wconf 90' lang='lat' dir='ltr'>conti-</span> 
     </span>
     <span class='ocr_line' id='line_1_13' title="bbox 101 1695 1287 1781; baseline 0.003 -22"><span class='ocrx_word' id='word_1_95' title='bbox 101 1695 236 1762; x_wconf 89' lang='lat' dir='ltr'>nentiam</span> <span class='ocrx_word' id='word_1_96' title='bbox 256 1695 463 1778; x_wconf 85' lang='lat' dir='ltr'>registrorum</span> <span class='ocrx_word' id='word_1_97' title='bbox 484 1696 665 1764; x_wconf 90' lang='lat' dir='ltr'>huiusmodi</span> <span class='ocrx_word' id='word_1_98' title='bbox 686 1699 802 1766; x_wconf 88' lang='lat' dir='ltr'>bernae</span> <span class='ocrx_word' id='word_1_99' title='bbox 825 1699 981 1781; x_wconf 85' lang='lat' dir='ltr'>generalis</span> <span class='ocrx_word' id='word_1_100' title='bbox 995 1699 1043 1763; x_wconf 92' lang='lat' dir='ltr'>uti</span> <span class='ocrx_word' id='word_1_101' title='bbox 1058 1698 1216 1764; x_wconf 89' lang='lat' dir='ltr'>voluerint</span> <span class='ocrx_word' id='word_1_102' title='bbox 1230 1716 1287 1762; x_wconf 90' lang='lat' dir='ltr'>seu</span> 
     </span>
     <span class='ocr_line' id='line_1_14' title="bbox 102 1799 1288 1887; baseline 0.004 -23"><span class='ocrx_word' id='word_1_103' title='bbox 102 1799 253 1880; x_wconf 65' lang='lat' dir='ltr'>gandera</span> <span class='ocrx_word' id='word_1_104' title='bbox 284 1801 312 1866; x_wconf 93' lang='lat' dir='ltr'>si</span> <span class='ocrx_word' id='word_1_105' title='bbox 334 1802 406 1884; x_wconf 93' lang='lat' dir='ltr'>quis</span> <span class='ocrx_word' id='word_1_106' title='bbox 429 1807 536 1869; x_wconf 90' lang='lat' dir='ltr'>autem</span> <span class='ocrx_word' id='word_1_107' title='bbox 558 1821 596 1868; x_wconf 90' lang='lat' dir='ltr'>ex</span> <span class='ocrx_word' id='word_1_108' title='bbox 617 1803 786 1886; x_wconf 84' lang='lat' dir='ltr'>terrigenis</span> <span class='ocrx_word' id='word_1_109' title='bbox 814 1803 947 1887; x_wconf 90' lang='lat' dir='ltr'>alicujus</span> <span class='ocrx_word' id='word_1_110' title='bbox 970 1801 1133 1869; x_wconf 90' lang='lat' dir='ltr'>districtus</span> <span class='ocrx_word' id='word_1_111' title='bbox 1156 1821 1191 1870; x_wconf 91' lang='lat' dir='ltr'>se</span> <span class='ocrx_word' id='word_1_112' title='bbox 1214 1804 1288 1869; x_wconf 92' lang='lat' dir='ltr'>sub-</span> 
     </span>
     <span class='ocr_line' id='line_1_15' title="bbox 102 1905 1289 1992; baseline 0.002 -23"><span class='ocrx_word' id='word_1_113' title='bbox 102 1905 225 1970; x_wconf 88' lang='lat' dir='ltr'>mittere</span> <span class='ocrx_word' id='word_1_114' title='bbox 245 1905 384 1972; x_wconf 81' lang='lat' dir='ltr'>noluerr&#39;t</span> <span class='ocrx_word' id='word_1_115' title='bbox 404 1907 552 1973; x_wconf 87' lang='lat' dir='ltr'>solutioni</span> <span class='ocrx_word' id='word_1_116' title='bbox 573 1908 755 1992; x_wconf 91' lang='lat' dir='ltr'>hujusmodi</span> <span class='ocrx_word' id='word_1_117' title='bbox 778 1906 952 1990; x_wconf 87' lang='lat' dir='ltr'>duplicium</span> <span class='ocrx_word' id='word_1_118' title='bbox 973 1910 1147 1990; x_wconf 88' lang='lat' dir='ltr'>pactorum,</span> <span class='ocrx_word' id='word_1_119' title='bbox 1174 1911 1289 1972; x_wconf 86' lang='lat' dir='ltr'>extunc</span> 
     </span>
     <span class='ocr_line' id='line_1_16' title="bbox 104 2010 1290 2097; baseline 0.003 -24"><span class='ocrx_word' id='word_1_120' title='bbox 104 2010 205 2090; x_wconf 90' lang='lat' dir='ltr'>quivis</span> <span class='ocrx_word' id='word_1_121' title='bbox 227 2011 330 2077; x_wconf 90' lang='lat' dir='ltr'>solvat</span> <span class='ocrx_word' id='word_1_122' title='bbox 352 2010 515 2077; x_wconf 85' lang='lat' dir='ltr'>hostiatim</span> <span class='ocrx_word' id='word_1_123' title='bbox 533 2013 625 2095; x_wconf 84' lang='lat' dir='ltr'>juxta</span> <span class='ocrx_word' id='word_1_124' title='bbox 639 2013 802 2097; x_wconf 87' lang='lat' dir='ltr'>antiquam</span> <span class='ocrx_word' id='word_1_125' title='bbox 818 2011 1076 2078; x_wconf 90' lang='lat' dir='ltr'>cousuetudinem</span> <span class='ocrx_word' id='word_1_126' title='bbox 1092 2011 1131 2075; x_wconf 90' lang='lat' dir='ltr'>de</span> <span class='ocrx_word' id='word_1_127' title='bbox 1148 2010 1290 2096; x_wconf 89' lang='lat' dir='ltr'>quolibet</span> 
     </span>
     <span class='ocr_line' id='line_1_17' title="bbox 103 2113 1288 2208; baseline 0.001 -30"><span class='ocrx_word' id='word_1_128' title='bbox 103 2113 192 2180; x_wconf 88' lang='lat' dir='ltr'>laneo</span> <span class='ocrx_word' id='word_1_129' title='bbox 212 2114 315 2181; x_wconf 87' lang='lat' dir='ltr'>locato</span> <span class='ocrx_word' id='word_1_130' title='bbox 336 2134 474 2183; x_wconf 88' lang='lat' dir='ltr'>maroam</span> <span class='ocrx_word' id='word_1_131' title='bbox 496 2116 634 2182; x_wconf 88' lang='lat' dir='ltr'>mediam</span> <span class='ocrx_word' id='word_1_132' title='bbox 648 2135 830 2200; x_wconf 89' lang='lat' dir='ltr'>grossorum</span> <span class='ocrx_word' id='word_1_133' title='bbox 844 2136 902 2200; x_wconf 92' lang='lat' dir='ltr'>pro</span> <span class='ocrx_word' id='word_1_134' title='bbox 921 2135 1047 2182; x_wconf 83' lang='lat' dir='ltr'>samem</span> <span class='ocrx_word' id='word_1_135' title='bbox 1061 2116 1179 2182; x_wconf 93' lang='lat' dir='ltr'>domini</span> <span class='ocrx_word' id='word_1_136' title='bbox 1194 2116 1288 2208; x_wconf 85' lang='lat' dir='ltr'>regis.</span> 
     </span>
    </p>
   </div>
   <div class='ocr_carea' id='block_1_4' title="bbox 104 2236 1294 2945">
    <p class='ocr_par' dir='ltr' id='par_1_4' title="bbox 104 2236 1292 2530">
     <span class='ocr_line' id='line_1_18' title="bbox 202 2236 1290 2324; baseline 0.001 -24"><span class='ocrx_word' id='word_1_137' title='bbox 202 2236 292 2317; x_wconf 89' lang='lat' dir='ltr'>Item,</span> <span class='ocrx_word' id='word_1_138' title='bbox 316 2236 356 2301; x_wconf 93' lang='lat' dir='ltr'>de</span> <span class='ocrx_word' id='word_1_139' title='bbox 377 2237 575 2318; x_wconf 90' lang='lat' dir='ltr'>molendinis,</span> <span class='ocrx_word' id='word_1_140' title='bbox 597 2239 630 2302; x_wconf 93' lang='lat' dir='ltr'>iu</span> <span class='ocrx_word' id='word_1_141' title='bbox 653 2256 714 2324; x_wconf 92' lang='lat' dir='ltr'>quo</span> <span class='ocrx_word' id='word_1_142' title='bbox 736 2237 834 2304; x_wconf 86' lang='lat' dir='ltr'>luerit</span> <span class='ocrx_word' id='word_1_143' title='bbox 854 2257 969 2320; x_wconf 87' lang='lat' dir='ltr'>magna</span> <span class='ocrx_word' id='word_1_144' title='bbox 982 2241 1062 2318; x_wconf 88' lang='lat' dir='ltr'>rota,</span> <span class='ocrx_word' id='word_1_145' title='bbox 1085 2237 1126 2303; x_wconf 90' lang='lat' dir='ltr'>de</span> <span class='ocrx_word' id='word_1_146' title='bbox 1148 2236 1290 2319; x_wconf 88' lang='lat' dir='ltr'>qualibet</span> 
     </span>
     <span class='ocr_line' id='line_1_19' title="bbox 104 2339 1292 2426; baseline 0.002 -22"><span class='ocrx_word' id='word_1_147' title='bbox 104 2339 282 2405; x_wconf 92' lang='lat' dir='ltr'>huiusmodi</span> <span class='ocrx_word' id='word_1_148' title='bbox 311 2343 381 2406; x_wconf 90' lang='lat' dir='ltr'>rota</span> <span class='ocrx_word' id='word_1_149' title='bbox 408 2341 540 2424; x_wconf 90' lang='lat' dir='ltr'>triginta</span> <span class='ocrx_word' id='word_1_150' title='bbox 569 2343 631 2407; x_wconf 95' lang='lat' dir='ltr'>duo</span> <span class='ocrx_word' id='word_1_151' title='bbox 657 2343 769 2426; x_wconf 82' lang='lat' dir='ltr'>grossi,</span> <span class='ocrx_word' id='word_1_152' title='bbox 800 2347 833 2409; x_wconf 91' lang='lat' dir='ltr'>et</span> <span class='ocrx_word' id='word_1_153' title='bbox 861 2343 902 2408; x_wconf 89' lang='lat' dir='ltr'>de</span> <span class='ocrx_word' id='word_1_154' title='bbox 929 2360 1029 2426; x_wconf 88' lang='lat' dir='ltr'>parva</span> <span class='ocrx_word' id='word_1_155' title='bbox 1057 2345 1128 2408; x_wconf 91' lang='lat' dir='ltr'>rota</span> <span class='ocrx_word' id='word_1_156' title='bbox 1152 2340 1292 2408; x_wconf 89' lang='lat' dir='ltr'>sedecim</span> 
     </span>
     <span class='ocr_line' id='line_1_20' title="bbox 105 2445 688 2530; baseline 0.01 -22"><span class='ocrx_word' id='word_1_157' title='bbox 105 2446 204 2526; x_wconf 88' lang='lat' dir='ltr'>grossi</span> <span class='ocrx_word' id='word_1_158' title='bbox 226 2463 284 2529; x_wconf 93' lang='lat' dir='ltr'>pro</span> <span class='ocrx_word' id='word_1_159' title='bbox 307 2463 432 2512; x_wconf 90' lang='lat' dir='ltr'>camera</span> <span class='ocrx_word' id='word_1_160' title='bbox 454 2445 572 2512; x_wconf 92' lang='lat' dir='ltr'>domini</span> <span class='ocrx_word' id='word_1_161' title='bbox 594 2447 688 2530; x_wconf 89' lang='lat' dir='ltr'>regis.</span> 
     </span>
    </p>

    <p class='ocr_par' dir='ltr' id='par_1_5' title="bbox 105 2550 1294 2945">
     <span class='ocr_line' id='line_1_21' title="bbox 205 2550 1292 2635; baseline 0.002 -21"><span class='ocrx_word' id='word_1_162' title='bbox 205 2550 295 2631; x_wconf 87' lang='lat' dir='ltr'>Item,</span> <span class='ocrx_word' id='word_1_163' title='bbox 327 2551 355 2615; x_wconf 92' lang='lat' dir='ltr'>si</span> <span class='ocrx_word' id='word_1_164' title='bbox 377 2551 448 2635; x_wconf 91' lang='lat' dir='ltr'>quis</span> <span class='ocrx_word' id='word_1_165' title='bbox 477 2553 631 2619; x_wconf 82' lang='lat' dir='ltr'>locaverit</span> <span class='ocrx_word' id='word_1_166' title='bbox 652 2557 812 2619; x_wconf 85' lang='lat' dir='ltr'>araturam</span> <span class='ocrx_word' id='word_1_167' title='bbox 834 2551 966 2617; x_wconf 89' lang='lat' dir='ltr'>liberam</span> <span class='ocrx_word' id='word_1_168' title='bbox 991 2550 1024 2616; x_wconf 89' lang='lat' dir='ltr'>in</span> <span class='ocrx_word' id='word_1_169' title='bbox 1042 2551 1097 2635; x_wconf 91' lang='lat' dir='ltr'>jus</span> <span class='ocrx_word' id='word_1_170' title='bbox 1118 2550 1292 2632; x_wconf 90' lang='lat' dir='ltr'>emphiteo-</span> 
     </span>
     <span class='ocr_line' id='line_1_22' title="bbox 105 2654 1294 2739; baseline -0.001 -21"><span class='ocrx_word' id='word_1_171' title='bbox 105 2654 211 2736; x_wconf 89' lang='lat' dir='ltr'>tioum,</span> <span class='ocrx_word' id='word_1_172' title='bbox 242 2655 416 2723; x_wconf 87' lang='lat' dir='ltr'>abeodem</span> <span class='ocrx_word' id='word_1_173' title='bbox 446 2656 591 2739; x_wconf 88' lang='lat' dir='ltr'>exigatur</span> <span class='ocrx_word' id='word_1_174' title='bbox 612 2676 632 2724; x_wconf 87' lang='lat' dir='ltr'>a</span> <span class='ocrx_word' id='word_1_175' title='bbox 653 2657 762 2738; x_wconf 90' lang='lat' dir='ltr'>laneis,</span> <span class='ocrx_word' id='word_1_176' title='bbox 792 2657 825 2720; x_wconf 89' lang='lat' dir='ltr'>in</span> <span class='ocrx_word' id='word_1_177' title='bbox 854 2660 932 2739; x_wconf 91' lang='lat' dir='ltr'>quot</span> <span class='ocrx_word' id='word_1_178' title='bbox 960 2655 1141 2721; x_wconf 91' lang='lat' dir='ltr'>huiusmodi</span> <span class='ocrx_word' id='word_1_179' title='bbox 1166 2657 1294 2720; x_wconf 87' lang='lat' dir='ltr'>aratura</span> 
     </span>
     <span class='ocr_line' id='line_1_23' title="bbox 107 2759 1293 2846; baseline 0 -22"><span class='ocrx_word' id='word_1_180' title='bbox 107 2764 208 2825; x_wconf 89' lang='lat' dir='ltr'>exstat</span> <span class='ocrx_word' id='word_1_181' title='bbox 228 2761 341 2841; x_wconf 83' lang='lat' dir='ltr'>locata,</span> <span class='ocrx_word' id='word_1_182' title='bbox 364 2761 397 2826; x_wconf 91' lang='lat' dir='ltr'>iu</span> <span class='ocrx_word' id='word_1_183' title='bbox 413 2761 589 2846; x_wconf 89' lang='lat' dir='ltr'>quantitate</span> <span class='ocrx_word' id='word_1_184' title='bbox 604 2761 776 2845; x_wconf 88' lang='lat' dir='ltr'>praedicta,</span> <span class='ocrx_word' id='word_1_185' title='bbox 801 2759 876 2843; x_wconf 91' lang='lat' dir='ltr'>quia</span> <span class='ocrx_word' id='word_1_186' title='bbox 891 2763 1019 2825; x_wconf 88' lang='lat' dir='ltr'>aratura</span> <span class='ocrx_word' id='word_1_187' title='bbox 1032 2759 1213 2825; x_wconf 90' lang='lat' dir='ltr'>huiusmodi</span> <span class='ocrx_word' id='word_1_188' title='bbox 1227 2762 1293 2825; x_wconf 87' lang='lat' dir='ltr'>tres</span> 
     </span>
     <span class='ocr_line' id='line_1_24' title="bbox 106 2863 919 2945; baseline 0 -17"><span class='ocrx_word' id='word_1_189' title='bbox 106 2863 211 2942; x_wconf 84' lang='lat' dir='ltr'>laneos</span> <span class='ocrx_word' id='word_1_190' title='bbox 235 2881 382 2945; x_wconf 86' lang='lat' dir='ltr'>agrorum</span> <span class='ocrx_word' id='word_1_191' title='bbox 403 2865 532 2931; x_wconf 90' lang='lat' dir='ltr'>minime</span> <span class='ocrx_word' id='word_1_192' title='bbox 554 2863 728 2930; x_wconf 89' lang='lat' dir='ltr'>dinoscitur</span> <span class='ocrx_word' id='word_1_193' title='bbox 750 2865 919 2929; x_wconf 88' lang='lat' dir='ltr'>continere.</span> 
     </span>
    </p>
   </div>
   <div class='ocr_carea' id='block_1_5' title="bbox 108 2982 1298 3594">
    <p class='ocr_par' dir='ltr' id='par_1_6' title="bbox 108 2982 1295 3176">
     <span class='ocr_line' id='line_1_25' title="bbox 208 2982 1295 3072; baseline -0.001 -21"><span class='ocrx_word' id='word_1_194' title='bbox 208 2986 298 3066; x_wconf 89' lang='lat' dir='ltr'>Item,</span> <span class='ocrx_word' id='word_1_195' title='bbox 322 2986 362 3053; x_wconf 92' lang='lat' dir='ltr'>de</span> <span class='ocrx_word' id='word_1_196' title='bbox 384 3004 467 3072; x_wconf 92' lang='lat' dir='ltr'>equo</span> <span class='ocrx_word' id='word_1_197' title='bbox 490 3005 546 3052; x_wconf 90' lang='lat' dir='ltr'>seu</span> <span class='ocrx_word' id='word_1_198' title='bbox 568 3004 692 3069; x_wconf 89' lang='lat' dir='ltr'>pecore,</span> <span class='ocrx_word' id='word_1_199' title='bbox 716 2986 770 3052; x_wconf 92' lang='lat' dir='ltr'>ubi</span> <span class='ocrx_word' id='word_1_200' title='bbox 791 2987 825 3051; x_wconf 93' lang='lat' dir='ltr'>iu</span> <span class='ocrx_word' id='word_1_201' title='bbox 838 2985 984 3068; x_wconf 86' lang='lat' dir='ltr'>registris</span> <span class='ocrx_word' id='word_1_202' title='bbox 999 2985 1206 3066; x_wconf 86' lang='lat' dir='ltr'>continentur,</span> <span class='ocrx_word' id='word_1_203' title='bbox 1229 2982 1295 3050; x_wconf 87' lang='lat' dir='ltr'>exi-</span> 
     </span>
     <span class='ocr_line' id='line_1_26' title="bbox 108 3089 919 3176; baseline -0.002 -17"><span class='ocrx_word' id='word_1_204' title='bbox 108 3098 220 3175; x_wconf 92' lang='lat' dir='ltr'>gantur</span> <span class='ocrx_word' id='word_1_205' title='bbox 241 3098 312 3159; x_wconf 93' lang='lat' dir='ltr'>ooto</span> <span class='ocrx_word' id='word_1_206' title='bbox 334 3093 437 3176; x_wconf 89' lang='lat' dir='ltr'>grossi</span> <span class='ocrx_word' id='word_1_207' title='bbox 458 3109 515 3176; x_wconf 92' lang='lat' dir='ltr'>pro</span> <span class='ocrx_word' id='word_1_208' title='bbox 538 3109 663 3158; x_wconf 86' lang='lat' dir='ltr'>camera</span> <span class='ocrx_word' id='word_1_209' title='bbox 685 3089 803 3156; x_wconf 91' lang='lat' dir='ltr'>domini</span> <span class='ocrx_word' id='word_1_210' title='bbox 825 3091 919 3175; x_wconf 88' lang='lat' dir='ltr'>regis.</span> 
     </span>
    </p>

    <p class='ocr_par' dir='ltr' id='par_1_7' title="bbox 109 3194 1298 3594">
     <span class='ocr_line' id='line_1_27' title="bbox 209 3194 1297 3280; baseline -0.002 -18"><span class='ocrx_word' id='word_1_211' title='bbox 209 3197 300 3278; x_wconf 87' lang='lat' dir='ltr'>Item,</span> <span class='ocrx_word' id='word_1_212' title='bbox 323 3196 363 3262; x_wconf 92' lang='lat' dir='ltr'>de</span> <span class='ocrx_word' id='word_1_213' title='bbox 385 3195 526 3264; x_wconf 87' lang='lat' dir='ltr'>tabernis</span> <span class='ocrx_word' id='word_1_214' title='bbox 553 3195 693 3278; x_wconf 88' lang='lat' dir='ltr'>antiquis</span> <span class='ocrx_word' id='word_1_215' title='bbox 724 3199 757 3263; x_wconf 89' lang='lat' dir='ltr'>et</span> <span class='ocrx_word' id='word_1_216' title='bbox 777 3194 902 3262; x_wconf 88' lang='lat' dir='ltr'>noviter</span> <span class='ocrx_word' id='word_1_217' title='bbox 929 3194 1069 3263; x_wconf 84' lang='lat' dir='ltr'>fundatis</span> <span class='ocrx_word' id='word_1_218' title='bbox 1091 3215 1149 3280; x_wconf 93' lang='lat' dir='ltr'>pro</span> <span class='ocrx_word' id='word_1_219' title='bbox 1172 3213 1297 3261; x_wconf 88' lang='lat' dir='ltr'>camera</span> 
     </span>
     <span class='ocr_line' id='line_1_28' title="bbox 110 3298 1296 3384; baseline -0.003 -18"><span class='ocrx_word' id='word_1_220' title='bbox 110 3301 226 3368; x_wconf 92' lang='lat' dir='ltr'>domini</span> <span class='ocrx_word' id='word_1_221' title='bbox 246 3301 332 3383; x_wconf 90' lang='lat' dir='ltr'>regis</span> <span class='ocrx_word' id='word_1_222' title='bbox 353 3301 548 3384; x_wconf 88' lang='lat' dir='ltr'>recipiantur</span> <span class='ocrx_word' id='word_1_223' title='bbox 568 3301 698 3383; x_wconf 88' lang='lat' dir='ltr'>triginta</span> <span class='ocrx_word' id='word_1_224' title='bbox 720 3299 783 3366; x_wconf 92' lang='lat' dir='ltr'>duo</span> <span class='ocrx_word' id='word_1_225' title='bbox 805 3301 917 3383; x_wconf 85' lang='lat' dir='ltr'>grossi,</span> <span class='ocrx_word' id='word_1_226' title='bbox 946 3301 1008 3366; x_wconf 93' lang='lat' dir='ltr'>uisi</span> <span class='ocrx_word' id='word_1_227' title='bbox 1031 3300 1072 3365; x_wconf 92' lang='lat' dir='ltr'>sit</span> <span class='ocrx_word' id='word_1_228' title='bbox 1092 3300 1234 3379; x_wconf 89' lang='lat' dir='ltr'>taberna,</span> <span class='ocrx_word' id='word_1_229' title='bbox 1264 3298 1296 3362; x_wconf 93' lang='lat' dir='ltr'>in</span> 
     </span>
     <span class='ocr_line' id='line_1_29' title="bbox 112 3403 1298 3489; baseline -0.003 -19"><span class='ocrx_word' id='word_1_230' title='bbox 112 3426 170 3488; x_wconf 89' lang='lat' dir='ltr'>qus</span> <span class='ocrx_word' id='word_1_231' title='bbox 195 3406 358 3472; x_wconf 88' lang='lat' dir='ltr'>censuales</span> <span class='ocrx_word' id='word_1_232' title='bbox 380 3405 532 3488; x_wconf 87' lang='lat' dir='ltr'>propinas</span> <span class='ocrx_word' id='word_1_233' title='bbox 555 3409 749 3486; x_wconf 84' lang='lat' dir='ltr'>exercentur,</span> <span class='ocrx_word' id='word_1_234' title='bbox 779 3423 798 3470; x_wconf 90' lang='lat' dir='ltr'>a</span> <span class='ocrx_word' id='word_1_235' title='bbox 820 3405 935 3489; x_wconf 92' lang='lat' dir='ltr'>quibus</span> <span class='ocrx_word' id='word_1_236' title='bbox 965 3405 1109 3488; x_wconf 87' lang='lat' dir='ltr'>exigatur</span> <span class='ocrx_word' id='word_1_237' title='bbox 1136 3403 1298 3468; x_wconf 89' lang='lat' dir='ltr'>moderate</span> 
     </span>
     <span class='ocr_line' id='line_1_30' title="bbox 109 3511 651 3594; baseline -0.004 -17"><span class='ocrx_word' id='word_1_238' title='bbox 109 3511 198 3594; x_wconf 84' lang='lat' dir='ltr'>juxta</span> <span class='ocrx_word' id='word_1_239' title='bbox 219 3511 402 3576; x_wconf 88' lang='lat' dir='ltr'>facultatem</span> <span class='ocrx_word' id='word_1_240' title='bbox 424 3526 651 3592; x_wconf 87' lang='lat' dir='ltr'>possessorum</span> 
     </span>
    </p>
   </div>
   <div class='ocr_carea' id='block_1_6' title="bbox 113 3627 1299 3929">
    <p class='ocr_par' dir='ltr' id='par_1_8' title="bbox 113 3627 1299 3929">
     <span class='ocr_line' id='line_1_31' title="bbox 212 3627 1299 3716; baseline -0.006 -17"><span class='ocrx_word' id='word_1_241' title='bbox 212 3633 302 3714; x_wconf 82' lang='lat' dir='ltr'>Item,</span> <span class='ocrx_word' id='word_1_242' title='bbox 332 3633 360 3698; x_wconf 89' lang='lat' dir='ltr'>si</span> <span class='ocrx_word' id='word_1_243' title='bbox 383 3631 455 3716; x_wconf 90' lang='lat' dir='ltr'>quis</span> <span class='ocrx_word' id='word_1_244' title='bbox 478 3630 734 3698; x_wconf 90' lang='lat' dir='ltr'>exsolventibus</span> <span class='ocrx_word' id='word_1_245' title='bbox 762 3629 945 3696; x_wconf 89' lang='lat' dir='ltr'>huiusmodi</span> <span class='ocrx_word' id='word_1_246' title='bbox 966 3631 1096 3697; x_wconf 89' lang='lat' dir='ltr'>bernam</span> <span class='ocrx_word' id='word_1_247' title='bbox 1120 3627 1299 3712; x_wconf 87' lang='lat' dir='ltr'>generalem</span> 
     </span>
     <span class='ocr_line' id='line_1_32' title="bbox 113 3731 1299 3820; baseline -0.003 -16"><span class='ocrx_word' id='word_1_248' title='bbox 113 3738 298 3807; x_wconf 90' lang='lat' dir='ltr'>subticuerit</span> <span class='ocrx_word' id='word_1_249' title='bbox 326 3737 457 3820; x_wconf 91' lang='lat' dir='ltr'>aliquid,</span> <span class='ocrx_word' id='word_1_250' title='bbox 491 3737 532 3804; x_wconf 90' lang='lat' dir='ltr'>de</span> <span class='ocrx_word' id='word_1_251' title='bbox 562 3755 625 3820; x_wconf 92' lang='lat' dir='ltr'>quo</span> <span class='ocrx_word' id='word_1_252' title='bbox 653 3736 765 3801; x_wconf 89' lang='lat' dir='ltr'>merito</span> <span class='ocrx_word' id='word_1_253' title='bbox 795 3737 919 3802; x_wconf 89' lang='lat' dir='ltr'>solvere</span> <span class='ocrx_word' id='word_1_254' title='bbox 947 3735 1087 3817; x_wconf 90' lang='lat' dir='ltr'>deberet,</span> <span class='ocrx_word' id='word_1_255' title='bbox 1119 3731 1299 3800; x_wconf 85' lang='lat' dir='ltr'>huiusmodi</span> 
     </span>
     <span class='ocr_line' id='line_1_33' title="bbox 115 3839 1004 3929; baseline -0.006 -18"><span class='ocrx_word' id='word_1_256' title='bbox 115 3845 188 3929; x_wconf 91' lang='lat' dir='ltr'>quid</span> <span class='ocrx_word' id='word_1_257' title='bbox 210 3842 411 3923; x_wconf 89' lang='lat' dir='ltr'>subticuitur,</span> <span class='ocrx_word' id='word_1_258' title='bbox 434 3842 475 3908; x_wconf 91' lang='lat' dir='ltr'>ad</span> <span class='ocrx_word' id='word_1_259' title='bbox 497 3841 657 3906; x_wconf 90' lang='lat' dir='ltr'>dominum</span> <span class='ocrx_word' id='word_1_260' title='bbox 678 3859 787 3922; x_wconf 90' lang='lat' dir='ltr'>regem</span> <span class='ocrx_word' id='word_1_261' title='bbox 809 3839 1004 3907; x_wconf 85' lang='lat' dir='ltr'>devolvetur.</span> 
     </span>
    </p>
   </div>
   <div class='ocr_carea' id='block_1_7' title="bbox 114 3961 1301 4362">
    <p class='ocr_par' dir='ltr' id='par_1_9' title="bbox 114 3961 1301 4362">
     <span class='ocr_line' id='line_1_34' title="bbox 213 3961 1301 4048; baseline -0.006 -16"><span class='ocrx_word' id='word_1_262' title='bbox 213 3965 304 4048; x_wconf 89' lang='lat' dir='ltr'>Item,</span> <span class='ocrx_word' id='word_1_263' title='bbox 327 3964 459 4048; x_wconf 86' lang='lat' dir='ltr'>siugulis</span> <span class='ocrx_word' id='word_1_264' title='bbox 475 3962 596 4044; x_wconf 86' lang='lat' dir='ltr'>diebus,</span> <span class='ocrx_word' id='word_1_265' title='bbox 620 3980 692 4028; x_wconf 90' lang='lat' dir='ltr'>cum</span> <span class='ocrx_word' id='word_1_266' title='bbox 706 3981 726 4028; x_wconf 94' lang='lat' dir='ltr'>a</span> <span class='ocrx_word' id='word_1_267' title='bbox 741 3961 926 4029; x_wconf 89' lang='lat' dir='ltr'>collectione</span> <span class='ocrx_word' id='word_1_268' title='bbox 944 3964 1096 4042; x_wconf 89' lang='lat' dir='ltr'>cessatur,</span> <span class='ocrx_word' id='word_1_269' title='bbox 1118 3964 1301 4027; x_wconf 89' lang='lat' dir='ltr'>numeretur</span> 
     </span>
     <span class='ocr_line' id='line_1_35' title="bbox 114 4065 1301 4154; baseline -0.006 -16"><span class='ocrx_word' id='word_1_270' title='bbox 114 4091 168 4154; x_wconf 90' lang='lat' dir='ltr'>per</span> <span class='ocrx_word' id='word_1_271' title='bbox 189 4072 291 4138; x_wconf 89' lang='lat' dir='ltr'>civem</span> <span class='ocrx_word' id='word_1_272' title='bbox 313 4074 346 4138; x_wconf 91' lang='lat' dir='ltr'>et</span> <span class='ocrx_word' id='word_1_273' title='bbox 365 4068 523 4134; x_wconf 85' lang='lat' dir='ltr'>notarium</span> <span class='ocrx_word' id='word_1_274' title='bbox 551 4067 687 4150; x_wconf 91' lang='lat' dir='ltr'>pecunia</span> <span class='ocrx_word' id='word_1_275' title='bbox 715 4067 875 4134; x_wconf 89' lang='lat' dir='ltr'>dominum</span> <span class='ocrx_word' id='word_1_276' title='bbox 903 4085 1011 4148; x_wconf 89' lang='lat' dir='ltr'>regem</span> <span class='ocrx_word' id='word_1_277' title='bbox 1038 4083 1237 4146; x_wconf 89' lang='lat' dir='ltr'>conoemeus,</span> <span class='ocrx_word' id='word_1_278' title='bbox 1267 4065 1301 4130; x_wconf 92' lang='lat' dir='ltr'>in</span> 
     </span>
     <span class='ocr_line' id='line_1_36' title="bbox 115 4169 1301 4254; baseline -0.003 -14"><span class='ocrx_word' id='word_1_279' title='bbox 115 4175 251 4242; x_wconf 92' lang='lat' dir='ltr'>omnium</span> <span class='ocrx_word' id='word_1_280' title='bbox 280 4174 481 4239; x_wconf 91' lang='lat' dir='ltr'>collectorum</span> <span class='ocrx_word' id='word_1_281' title='bbox 510 4171 700 4254; x_wconf 83' lang='lat' dir='ltr'>praeseutia,</span> <span class='ocrx_word' id='word_1_282' title='bbox 731 4170 822 4236; x_wconf 89' lang='lat' dir='ltr'>cuius</span> <span class='ocrx_word' id='word_1_283' title='bbox 852 4170 1013 4254; x_wconf 87' lang='lat' dir='ltr'>quantitas</span> <span class='ocrx_word' id='word_1_284' title='bbox 1041 4172 1169 4234; x_wconf 91' lang='lat' dir='ltr'>notetur</span> <span class='ocrx_word' id='word_1_285' title='bbox 1197 4169 1233 4236; x_wconf 89' lang='lat' dir='ltr'>in</span> <span class='ocrx_word' id='word_1_286' title='bbox 1251 4186 1301 4236; x_wconf 88' lang='lat' dir='ltr'>re·</span> 
     </span>
     <span class='ocr_line' id='line_1_37' title="bbox 116 4270 1047 4362; baseline -0.01 -15"><span class='ocrx_word' id='word_1_287' title='bbox 116 4280 221 4362; x_wconf 87' lang='lat' dir='ltr'>glstris</span> <span class='ocrx_word' id='word_1_288' title='bbox 244 4278 383 4344; x_wconf 94' lang='lat' dir='ltr'>omnium</span> <span class='ocrx_word' id='word_1_289' title='bbox 405 4277 607 4342; x_wconf 90' lang='lat' dir='ltr'>collectorum</span> <span class='ocrx_word' id='word_1_290' title='bbox 628 4294 686 4358; x_wconf 92' lang='lat' dir='ltr'>per</span> <span class='ocrx_word' id='word_1_291' title='bbox 706 4273 846 4340; x_wconf 88' lang='lat' dir='ltr'>notarios</span> <span class='ocrx_word' id='word_1_292' title='bbox 869 4270 1047 4338; x_wconf 91' lang='lat' dir='ltr'>eorundem.</span> 
     </span>
    </p>
   </div>
   <div class='ocr_carea' id='block_1_8' title="bbox 218 4412 1064 4488">
    <p class='ocr_par' dir='ltr' id='par_1_10' title="bbox 218 4412 1064 4488">
     <span class='ocr_line' id='line_1_38' title="bbox 218 4412 1064 4488; baseline -0.005 -18"><span class='ocrx_word' id='word_1_293' title='bbox 218 4417 257 4484; x_wconf 78' lang='lat' dir='ltr'>(E</span> <span class='ocrx_word' id='word_1_294' title='bbox 272 4418 327 4471; x_wconf 82' lang='lat' dir='ltr'>cod.</span> <span class='ocrx_word' id='word_1_295' title='bbox 345 4417 447 4472; x_wconf 79' lang='lat' dir='ltr'>mauvdr.</span> <span class='ocrx_word' id='word_1_296' title='bbox 472 4414 689 4484; x_wconf 69' lang='lat' dir='ltr'>Veooprepcnov.</span> <span class='ocrx_word' id='word_1_297' title='bbox 707 4415 795 4469; x_wconf 70' lang='lat' dir='ltr'>litabar</span> <span class='ocrx_word' id='word_1_298' title='bbox 813 4413 910 4471; x_wconf 68' lang='lat' dir='ltr'>Bana</span> <span class='ocrx_word' id='word_1_299' title='bbox 928 4412 1064 4488; x_wconf 58' lang='lat' dir='ltr'>Resistet)</span> 
     </span>
    </p>
   </div>
   <div class='ocr_carea' id='block_1_9' title="bbox 0 0 1635 5017">
    <p class='ocr_par' dir='ltr' id='par_1_11' title="bbox 0 0 1635 5017">
     <span class='ocr_line' id='line_1_39' title="bbox 0 0 1635 5017; baseline 0 0"><span class='ocrx_word' id='word_1_300' title='bbox 0 0 1635 5017; x_wconf 95' lang='lat' dir='ltr'> </span> 
     </span>
    </p>
   </div>
  </div>
 </body>
</html>
