3225 5017
280 293 312 338 rs
482 284 547 354 Gap.
566 286 587 338 l.
605 284 659 339 Res
678 284 713 339 ad
731 283 807 353 regni
826 281 1089 339 administrationem
1108 285 1274 352 spectantes.

202 504 207 513 =
278 477 329 532 bus
347 476 469 547 ipsorum
489 475 609 543 juribus,
631 476 793 531 utilitatibus
817 482 845 529 et
866 474 1039 545 pertinentiis
1062 474 1226 528 contulimus
1250 477 1332 542 atque
1350 470 1475 527 dedimus

278 578 328 634 per
345 562 435 633 ipsum
446 562 595 619 Pesconem
614 566 641 616 et
659 577 738 616 suum
756 562 785 616 in
802 562 856 615 hac
872 568 951 631 parte
964 560 1150 628 substitutum,
1166 560 1219 618 sub
1235 558 1328 614 eodem
1344 558 1409 626 jure
1426 573 1476 612 seu

277 661 369 719 onere,
391 657 473 721 prout
489 649 595 705 Wanco
614 648 735 716 (Wanko
760 647 794 703 de
819 647 939 703 Zdanicz
962 664 986 703 r.
1014 650 1091 717 1339)
1116 646 1205 702 dictus
1223 644 1405 713 Forestarius,
1428 644 1475 697 illa

277 738 413 793 hactenus
421 738 518 807 tenuit,
532 736 668 804 habenda,
683 734 802 791 tenenda
815 742 843 791 et
855 735 1011 791 utifruenda
1022 742 1154 806 perpetue
1166 735 1226 790 sine
1237 733 1378 805 quibusvis
1390 732 1475 801 impe-

277 823 416 881 dimentis:
435 826 521 895 Igitur
538 824 615 881 vobis
634 824 760 879 omnibus
779 831 806 878 et
825 822 948 893 singulis,
966 839 1082 892 quorum
1100 822 1222 891 interest,
1240 828 1268 877 et
1279 826 1400 877 vestrum
1418 818 1473 873 cui-

275 912 341 969 libet
359 912 521 969 auctoritate
540 910 697 983 supradicta
714 910 898 980 praecipimus
916 910 1047 978 districte,
1070 910 1174 979 gratiae
1193 910 1244 964 sub
1263 909 1385 977 obtentu,
1407 922 1473 977 qna·

275 1007 355 1055 tenus
366 998 520 1070 praefatum
529 999 678 1053 Pesconcm
696 1015 746 1068 pro
762 996 855 1066 judice
866 997 1026 1067 provinciali
1038 1012 1071 1052 so
1081 997 1225 1052 forestario
1236 994 1377 1051 districtus
1388 995 1474 1050 vestri

275 1094 470 1157 cognoscentes
489 1085 525 1141 ad
542 1086 632 1155 ipsum
648 1085 691 1139 vel
707 1100 769 1139 eum
783 1100 833 1141 seu
849 1102 906 1153 eoS,
924 1086 968 1139 cui
980 1085 1023 1140 vel
1040 1085 1139 1154 quibus
1157 1084 1217 1154 ipse
1235 1091 1284 1139 aut
1295 1084 1379 1141 stater
1398 1099 1474 1149 suus,

274 1175 460 1245 praesentium
478 1172 621 1241 exhibitor,
639 1172 778 1242 praedicta
796 1172 887 1228 officia
904 1172 1024 1243 regenda
1042 1188 1092 1227 suo
1111 1172 1220 1227 nomine
1238 1170 1412 1237 commiserit,
1428 1184 1470 1223 rs-

275 1269 398 1333 spectum
415 1260 541 1315 habeatis
559 1274 620 1313 oum
639 1258 734 1315 officiis
760 1266 787 1314 ct
810 1276 904 1315 eorum
922 1260 1095 1329 pertinentiis
1114 1258 1346 1329 supranominatis
1365 1272 1416 1311 nec
1434 1256 1469 1311 ad
1519 1255 1522 1260 ⁴

275 1350 393 1418 aliquem
412 1348 495 1401 alium
519 1363 568 1406 vos
591 1347 770 1415 convertatis,
793 1364 857 1402 nam
879 1348 981 1402 nullius
1003 1346 1140 1402 efficaciae
1163 1362 1225 1401 esse
1243 1346 1422 1410 decernimus,
1447 1343 1470 1396 si

274 1436 327 1491 hiis
349 1436 378 1489 in
402 1434 567 1489 contrarium
586 1434 651 1504 quid
673 1440 865 1506 attemptatum
882 1435 965 1491 fuerit
987 1450 1036 1505 per
1053 1448 1258 1503 quemcumque.
1294 1432 1399 1485 Harum
1422 1445 1470 1484 no·

275 1527 393 1577 strarum
412 1522 485 1577 serie
499 1522 659 1577 litterarum.

376 1608 480 1663 Datum
499 1610 527 1661 in
546 1608 656 1665 Verona
674 1610 702 1665 in
721 1611 841 1665 crastino
860 1618 973 1665 annunt.
991 1610 1022 1665 B.
1041 1609 1073 1664 V.
1091 1611 1173 1663 Anno
1192 1607 1241 1661 filii
1259 1608 1302 1661 sui
1321 1612 1397 1662 1349,

376 1764 489 1819 Carolus
505 1806 510 1819 .
525 1807 552 1838 .,
567 1808 573 1819 .
591 1772 686 1849 notum
704 1767 818 1823 facimus
832 1809 839 1820 .
853 1809 859 1822 .
873 1731 974 1836 ..qumi
991 1782 1051 1820 cnm
1070 1766 1176 1836 pridem
1194 1765 1307 1820 illustris
1326 1763 1468 1819 lohannes

194 1890 196 1900 ‚
272 1852 328 1906 dux
341 1852 506 1919 carinthiae,
522 1852 628 1923 Tyrolis
648 1860 675 1907 et
687 1854 812 1909 Goriciae
830 1869 930 1923 comes,
947 1852 1032 1907 frater
1048 1859 1143 1907 noster
1161 1894 1168 1906 ,
1187 1892 1194 1907 .
1213 1894 1220 1907 .
1237 1852 1403 1908 notabilibus
1422 1852 1468 1905 ob-

272 1940 375 2008 sequiis
403 1945 430 1993 et
455 1946 598 2009 promptae
624 1939 732 1996 virtutis
758 1940 895 1995 industria
916 1940 1042 1995 Benessii
1068 1939 1102 1995 de
1125 1939 1287 2011 Weytemul,
1313 1938 1415 1995 notarii
1440 1945 1467 1993 et

271 2026 412 2080 familiaris
437 2027 488 2095 s'ui,
517 2032 645 2083 accurata
669 2033 758 2083 mente
781 2029 914 2099 pensatis,
941 2028 993 2082 sibi
1020 2033 1048 2083 et
1074 2028 1171 2082 ceteris
1198 2026 1329 2082 fratribus
1353 2026 1410 2081 suis
1433 2024 1467 2080 de

273 2114 435 2184 Weytemul,
470 2112 588 2168 officium
616 2114 777 2169 forestariae
799 2114 1057 2169 Truthnouiensium
1084 2113 1223 2169 districtus
1255 2131 1315 2169 cum
1342 2113 1467 2168 omnibus

270 2201 407 2269 censibus,
432 2199 575 2269 fructibus,
602 2200 774 2269 utilitatibus,
806 2200 995 2256 emolumentis
1021 2208 1049 2256 et
1075 2201 1247 2271 pertinentiis
1274 2202 1332 2256 suis
1359 2201 1467 2255 duxerit

272 2302 393 2357 erogare,
412 2286 482 2342 sicut
500 2285 533 2340 de
551 2285 709 2353 hujusmodi
727 2286 875 2342 donatione
893 2287 933 2342 sic
949 2286 1023 2341 facta
1040 2304 1135 2342 sumus
1147 2288 1297 2343 districtius
1314 2287 1465 2343 informati:

270 2374 328 2429 Nos
347 2374 518 2429 attendentes
532 2404 566 2412 -
578 2404 611 2411 —
630 2373 728 2427 dictam
747 2371 923 2429 donationem
941 2382 1046 2443 gratam
1064 2381 1092 2429 et
1108 2383 1197 2430 ratam
1214 2374 1348 2431 habentes
1366 2390 1464 2445 appro-

271 2462 367 2516 bamus
393 2468 420 2515 et
442 2461 609 2515 ratificamus
628 2502 634 2533 ,
655 2502 661 2515 .
681 2501 713 2514 ..
740 2468 768 2515 et
793 2476 827 2515 ex
853 2462 949 2516 innata
972 2462 1051 2516 nobis
1077 2462 1245 2531 benignitate
1271 2463 1347 2532 regia
1368 2460 1465 2516 contir-

269 2564 384 2615 mamus,
403 2554 430 2601 et
448 2548 623 2603 nihilominus
642 2547 785 2603 occasione
804 2547 969 2602 abundantis
987 2549 1109 2604 cautelae
1127 2548 1199 2604 dicto
1210 2548 1342 2605 Benessio
1361 2554 1389 2603 et
1406 2549 1464 2604 suis

268 2634 398 2689 fratribus
418 2632 518 2687 dictum
537 2632 656 2688 officium
674 2634 836 2689 forestariae
854 2652 914 2689 cum
932 2635 1104 2705 pertinentiis
1118 2635 1282 2706 supradictis
1300 2633 1335 2690 de
1352 2634 1464 2705 speciali

192 2752 195 2765 ›
268 2722 386 2787 Nostrae
399 2721 554 2790 Majestatis
572 2710 664 2777 favore
683 2737 755 2775 nunc
773 2737 808 2794 en
824 2738 895 2778 novo
908 2722 1015 2791 damus,
1031 2720 1129 2778 dantes
1147 2730 1175 2777 et
1193 2723 1363 2778 conferentes
1376 2722 1463 2776 eidem

267 2810 298 2863 B.
323 2816 349 2863 et
372 2808 451 2863 dictis
475 2809 532 2863 suis
557 2807 688 2863 fratribus
716 2809 825 2879 plenam
848 2816 1012 2880 potestatem
1040 2815 1068 2864 et
1090 2810 1281 2865 auctoritatem
1303 2810 1463 2879 plenariam,

267 2896 368 2950 dictum
392 2895 511 2949 officium
534 2894 694 2950 forestariae
719 2912 778 2950 curn
803 2897 860 2952 suis
883 2896 1065 2967 pertinentiis,
1088 2904 1118 2951 ut
1135 2896 1297 2969 praefertur,
1319 2895 1463 2965 vendendi,

180 2971 182 2975 ’
268 2982 414 3051 obligandi,
432 2980 626 3051 commutandi,
647 2982 785 3037 alienandi
802 2990 830 3039 et
848 2985 917 3039 sicut
933 3001 991 3039 rem
1008 2985 1147 3055 propriam
1164 2985 1193 3038 in
1211 3000 1279 3039 usus
1297 2999 1363 3039 suos
1380 2984 1461 3038 utiles

268 3075 294 3123 et
312 3068 506 3138 beneplacitos,
524 3074 605 3137 prout
624 3070 662 3123 eis
682 3069 810 3140 expedire
829 3070 971 3139 videbitur,
988 3072 1163 3128 convertendi
1180 3078 1229 3127 etc.

369 3156 472 3210 Datum
483 3155 637 3227 Bopardiae
649 3162 724 3225 1349,
736 3164 760 3212 8.
773 3157 848 3212 Julii.
861 3159 981 3228 (Summa
994 3159 1112 3215 Cancell.
1124 3160 1214 3214 Caroli
1224 3158 1264 3215 IV
1264 3199 1280 3228 .,
1291 3158 1381 3213 Pelzel
1391 3160 1461 3227 128.)

844 3401 884 3469 Η.

611 3522 751 3589 Ztizeoie
773 3524 875 3590 dvorsa
895 3522 1109 3591 lto-ctoostsbo.

822 3700 907 3759 1412

367 3838 447 3905 Leia
467 3839 599 3907 boiiehc
621 3840 767 3927 tisicieho
790 3839 960 3907 ccccxli
979 3858 1021 3907 na
1042 3839 1104 3909 den
1126 3860 1171 3910 su.
1191 3839 1275 3924 Vita,
1297 3844 1365 3911 Pan
1385 3844 1456 3912 kral

263 3938 386 4027 njednsl
409 3962 428 4008 a
449 3944 543 4009 cildil
564 3944 665 4027 uiady
686 3945 880 4011 krslcvstvie
903 3945 1000 4012 sveho
1029 3966 1050 4013 a
1071 3947 1180 4032 uiitky
1201 3948 1320 4033 viecky
1339 3947 1456 4014 urdene

262 4048 351 4114 viem
372 4046 568 4129 diednlkdm,
592 4048 716 4130 pcloiiv
738 4047 831 4115 vedle
853 4050 1006 4132 popsanie
1029 4050 1257 4135 dolepsanehcz

365 4238 476 4304 Hrsd
497 4237 760 4306 Karelstain:
794 4238 850 4306 Ma
870 4240 1018 4307 rodnieho
1047 4242 1161 4308 hcleho
1184 4244 1272 4325 platu
1301 4244 1366 4310 413
1389 4244 1453 4329 lrop

262 4343 303 4409 25
325 4343 430 4426 gradu
460 4343 537 4408 item
559 4343 642 4411 obile
662 4362 683 4410 a
703 4342 765 4409 loir
792 4362 835 4410 ns
855 4344 1012 4430 hctovy'ch
1032 4348 1184 4429 pentzroh
1212 4347 1387 4434 potterycn
1411 4353 1452 4418 73
