3225 5017
298 318 346 368 128
383 329 385 340 ¹
720 314 785 388 Gap.
803 316 849 370 IV.
867 317 958 372 Bornn
975 319 1058 388 regia

398 509 441 575 Et
461 511 493 577 in
509 529 584 576 casu
603 512 751 596 quolibet,
774 512 901 594 quando
915 514 1045 594 propter
1058 510 1331 594 indispositionem
1344 512 1486 578 locorum

296 617 380 679 stare
408 615 537 682 insimul
565 621 622 682 aut
649 617 683 682 in
705 616 854 700 hospitiis
884 616 946 683 sibi
964 616 1100 682 invicem
1122 616 1278 698 contiguis
1307 620 1394 682 sture
1421 634 1486 682 non

294 718 441 801 possetis,
463 721 539 803 quid
554 725 660 788 tamen
675 725 710 787 ut
727 721 857 788 insimul
876 719 977 801 stetis,
999 717 1132 786 firmiter
1145 720 1290 786 volumus
1310 720 1486 802 observari,

293 841 333 886 ne
356 823 442 890 dicta
465 825 598 892 collecta
620 825 740 892 diutins
763 825 928 894 differatur

396 953 440 1020 nt
461 955 537 1039 quia
557 973 616 1039 per
636 973 693 1022 vos
714 956 797 1022 infra
818 955 898 1022 duas
920 957 971 1022 vel
992 961 1058 1023 tres
1088 955 1280 1023 ebdomadas
1307 956 1414 1038 colligi
1437 956 1487 1021 di·

295 1057 403 1126 stricte
418 1060 647 1143 praecepimus,
671 1059 802 1126 cuilibet
816 1062 956 1126 vestrum
977 1078 1035 1144 pro
1050 1059 1173 1126 diurnis
1194 1064 1227 1127 et
1248 1060 1409 1126 nocturnis
1432 1079 1488 1126 ex-

293 1162 411 1244 pensis,
441 1162 517 1228 dum
539 1163 622 1230 sicut
642 1163 866 1247 praemittitur,
895 1180 952 1229 vos
975 1182 1015 1229 ex
1035 1168 1151 1230 eventu
1173 1168 1207 1229 ct
1226 1165 1419 1231 necessitate
1439 1165 1487 1230 lo-

295 1283 402 1332 corum
424 1266 551 1334 divisim
573 1272 658 1335 stare
681 1268 857 1352 contigerit,
881 1269 1022 1352 exceptis
1043 1272 1180 1353 quatuor
1200 1268 1292 1353 equis
1313 1268 1430 1334 notorii
1454 1272 1488 1334 et

292 1390 349 1453 pro
380 1390 483 1453 curru,
513 1374 567 1456 qui
597 1374 775 1456 sumptibus
805 1392 949 1440 camerae
970 1373 1108 1440 Nostrae
1137 1393 1195 1457 pro
1225 1373 1347 1440 diurnis
1373 1375 1407 1438 et
1428 1391 1487 1438 no·

294 1476 412 1543 ctumis
434 1478 580 1560 expensis
601 1479 811 1562 respiciantur
839 1479 881 1544 ad
909 1479 1010 1544 instar
1034 1479 1128 1545 unius
1151 1478 1338 1560 collectoris,
1368 1477 1410 1544 de
1438 1477 1487 1544 vi·

293 1579 372 1664 ginti
393 1600 574 1663 grossorum
595 1585 798 1666 pragensium
820 1583 933 1649 diebum
955 1583 1088 1666 singulis
1110 1581 1327 1667 providebitis.

357 1711 400 1778 Et
420 1715 550 1798 insuper
578 1714 676 1782 berna
699 1715 863 1798 praedicta
979 1713 1022 1779 Et
1050 1714 1181 1798 insuper
1201 1715 1300 1780 berna
1321 1711 1487 1797 praedicta

293 1817 386 1898 plene
416 1818 548 1886 collecte
573 1837 630 1887 vos
659 1819 775 1903 singuli
798 1820 862 1885 col·
914 1819 1007 1902 plene
1022 1818 1155 1884 collecta
1168 1836 1235 1899 vos,
1250 1817 1406 1901 praedicti
1421 1818 1486 1884 sin·
1574 1840 1575 1879 ς

291 1921 427 1987 lectores
448 1923 545 1990 libros
568 1927 600 1991 et
623 1925 759 2008 registra
780 1923 862 1990 anti-
885 1923 889 2010 Ι
913 1923 980 2004 guli
991 1923 1183 2004 collectores,
1197 1921 1295 1989 libros
1306 1925 1339 1988 et
1348 1921 1488 2004 registra

293 2043 356 2107 qua
388 2029 422 2092 et
452 2046 511 2110 per
542 2047 599 2095 vos
636 2027 862 2095 conscribenda
913 2028 1030 2094 bennae
1051 2025 1233 2111 hujusmodi
1254 2043 1313 2109 per
1331 2043 1388 2092 uos
1412 2044 1487 2092 con-

293 2129 386 2195 dictis
407 2133 531 2197 noterio
553 2137 586 2198 et
608 2133 669 2199 civi
698 2133 862 2214 assignare
913 2130 1078 2196 scribenda
1100 2129 1194 2197 dictis
1222 2128 1345 2196 notario
1367 2133 1401 2197 et
1423 2130 1486 2198 civi

293 2237 326 2300 et
348 2252 406 2316 per
425 2236 513 2318 ipsos
535 2256 607 2304 cum
631 2237 774 2320 pecuniis
798 2237 862 2302 col·
913 2236 1085 2318 assignare,
1115 2253 1153 2300 ac
1181 2234 1270 2318 ipsos
1294 2253 1366 2300 cum
1387 2253 1486 2318 pecu·

293 2443 436 2524 aprima
465 2445 606 2512 sessione
635 2446 786 2512 collectae
808 2463 861 2511 su·
913 2443 1050 2529 aprima
1071 2444 1213 2511 sessione
1228 2443 1379 2510 collectae
1392 2461 1486 2526 prae·

291 2546 455 2628 predictae
476 2553 509 2614 et
534 2549 601 2616 sine
629 2550 862 2616 intermissione
913 2549 1018 2615 dictae
1033 2553 1067 2615 et
1080 2549 1149 2616 sine
1165 2547 1398 2615 intermissione
1412 2552 1488 2630 post

293 2656 366 2735 post
380 2649 474 2718 finem
489 2654 567 2738 ejus,
583 2656 727 2739 usquein
738 2654 776 2721 N.
789 2672 861 2737 pro·
912 2652 1007 2721 finem
1018 2655 1097 2738 ejus,
1114 2671 1226 2719 secure
1240 2652 1417 2719 conducere
1432 2669 1486 2717 us·

292 2760 401 2839 tegere
430 2761 463 2824 et
491 2777 603 2825 secure
628 2760 802 2826 conducere
824 2778 861 2826 ac
914 2777 976 2842 que
996 2757 1132 2841 Pragam
1154 2762 1187 2825 et
1207 2757 1326 2824 ibidem
1350 2756 1486 2821 honora-

292 2861 413 2928 famoso
435 2861 464 2928 J.
481 2866 552 2945 etc,
574 2860 661 2930 fideli
675 2863 791 2930 Nostro
814 2864 862 2931 di·
913 2863 970 2929 bili
998 2861 1049 2943 N,
1081 2863 1171 2945 regni
1203 2861 1313 2928 Nostri
1334 2860 1486 2927 Boemiae

292 2965 385 3047 lecto,
396 2966 438 3033 ad
449 2967 773 3036 domnshsbitetionis
785 2987 862 3035 suae
914 2967 1157 3047 subcamerario,
1187 2966 1218 3031 d.
1248 2965 1287 3031 N.
1316 2965 1357 3046 d,
1388 2963 1486 3031 etad

292 3074 495 3151 praesentare
515 3072 618 3140 modis
640 3074 784 3143 omnibus
807 3072 862 3138 de·
914 3073 983 3155 eJus
1005 3069 1134 3137 domum
1154 3073 1360 3152 praesentare
1381 3069 1485 3135 modis

293 3175 404 3242 beatis.
915 3176 1059 3243 omnibus
1081 3175 1246 3243 studeatis.

396 3305 464 3372 Nec
486 3306 654 3390 quisquam
676 3325 715 3374 ex
737 3305 828 3373 vobis
850 3305 1069 3372 collectoribus
1092 3303 1284 3388 supradictis
1299 3303 1341 3369 ad
1357 3322 1483 3369 currum

292 3409 409 3477 notarii
431 3415 464 3476 et
486 3411 573 3493 ciuis,
597 3428 731 3496 quorum
753 3411 855 3479 solum
877 3411 1021 3476 volumus
1042 3413 1221 3492 respectum
1243 3407 1371 3489 habere,
1397 3413 1430 3474 et
1451 3408 1484 3472 in

294 3533 332 3580 eo
354 3515 494 3598 aliquem
514 3515 701 3600 portionem,
722 3517 812 3583 uelut
832 3516 968 3597 inantea,
993 3519 1088 3597 prout
1108 3513 1332 3592 intelleximus,
1355 3512 1484 3595 qnidam
1570 3598 1571 3611 ἵ

294 3637 333 3684 ex
356 3619 576 3687 collectoribus
596 3620 631 3686 in
652 3619 788 3687 Nostrae
810 3619 988 3704 Majestatis
1016 3617 1179 3702 praecepti
1202 3620 1416 3699 contemptum
1437 3615 1483 3681 fa-

295 3741 367 3790 cere
388 3730 669 3808 praesumpserunt
691 3774 697 3792 .
722 3775 730 3792 .
754 3776 761 3792 .
786 3775 793 3790 .

398 3855 436 3920 In
457 3873 533 3922 casu
554 3874 629 3923 vero
651 3873 713 3940 quo
735 3855 904 3940 quisquam
932 3872 971 3920 ex
993 3853 1083 3922 vobis
1111 3851 1154 3920 ad
1175 3850 1260 3918 diem
1280 3851 1416 3936 primam
1436 3851 1483 3917 in·

295 3959 460 4043 cipiendae
490 3960 641 4028 sessionis
669 3961 818 4041 bematis,
847 3959 998 4026 uidelicet
1024 3958 1105 4024 ferio
1133 3960 1192 4024 etc.
1222 3957 1275 4024 uel
1302 3957 1483 4024 immediate

295 4064 450 4149 sequenti,
479 4064 512 4129 in
541 4064 646 4130 locum
674 4065 796 4147 primae
818 4063 979 4144 sessionis,
1010 4063 1066 4130 nbi
1091 4063 1189 4129 bema
1217 4061 1317 4127 levari
1347 4060 1482 4141 debebit,

295 4188 357 4236 non
379 4168 501 4235 vene1it
523 4186 580 4234 seu
608 4168 741 4236 forsitan
762 4168 796 4233 in
817 4168 921 4234 locum
952 4187 1045 4234 snum
1067 4184 1257 4251 quemquam
1279 4183 1337 4231 suo
1359 4165 1483 4232 nomine

297 4293 369 4339 cum
390 4273 520 4339 monetis
542 4278 575 4339 et
596 4273 697 4355 equis,
723 4276 759 4337 ut
779 4271 1002 4354 praemittitur,
1030 4289 1093 4338 non
1114 4271 1340 4338 bensmiserit:
1371 4275 1482 4336 extunc
1568 4308 1569 4335 l

296 4380 368 4464 quis
383 4397 421 4445 ex
431 4378 521 4454 vobis
535 4377 696 4459 negligens
710 4381 855 4459 repertus
868 4376 966 4442 fuerit
978 4377 1030 4442 vel
1043 4376 1204 4455 remissus
1220 4375 1262 4441 ad
1279 4374 1479 4440 assidendum
