3225 5017
524 356 588 425 Gap.
606 355 666 409 XII.
691 355 797 411 Stratae
817 360 844 409 61
862 352 1060 408 commercium.
1339 358 1389 406 363

298 549 380 614 Item
403 546 443 611 de
464 548 586 628 integre
609 546 751 629 plaustro
775 548 841 613 1111
865 551 935 612 0010
958 564 1082 629 parvos,
1106 545 1147 610 de
1161 547 1300 611 ternario
1317 564 1391 611 1610

196 671 251 719 sex
273 670 388 735 parvos
411 656 444 717 et
465 651 505 715 de
526 650 631 717 medio
654 652 797 734 plaustro
820 652 884 716 IIII
909 670 1032 734 parvus.

297 758 378 822 Item
402 756 441 821 de
465 775 559 821 curru
582 755 749 822 husieuem
771 758 908 822 ducente
929 775 1028 820 unum
1061 773 1216 837 grossum,
1253 756 1330 819 item
1353 754 1393 819 de

197 881 290 927 curru
312 862 416 943 pisces
439 864 585 944 portante
609 860 673 926 IIII
696 880 811 944 parvus
834 866 867 927 et
889 861 952 925 IIII
975 862 1090 943 pisces,

297 966 378 1032 Item
400 966 434 1030 in
457 984 550 1031 curru
572 982 703 1047 magnas
727 970 817 1032 cutes
839 964 959 1031 ferente
982 965 1022 1029 de
1045 964 1187 1047 qualibet
1204 968 1276 1029 cute
1292 983 1390 1028 unum

196 1089 338 1154 parvum,
362 1070 402 1140 de
422 1073 490 1136 tete
513 1088 588 1136 1610
612 1088 705 1136 curru
728 1088 843 1153 parvas
867 1075 956 1136 cutes
978 1068 1099 1135 ferente
1121 1068 1184 1133 ΙΠΙ
1206 1087 1330 1152 parvos.

298 1175 379 1241 Item
400 1175 440 1239 de
463 1194 555 1258 equo,
579 1176 634 1257 qui
657 1175 725 1240 sine
748 1173 827 1240 sella
851 1174 1114 1240 advertendum
1140 1174 1276 1255 ducitur,
1310 1172 1389 1239 dues

195 1298 319 1363 parvus.
350 1280 430 1343 Item
453 1279 493 1344 de
516 1279 658 1362 quelibet
680 1297 794 1362 pecore
817 1298 930 1361 magno
953 1299 1052 1344 unum
1075 1298 1217 1361 parvum.
1249 1278 1330 1344 Item
1352 1277 1393 1342 de

198 1384 320 1449 duobus
343 1384 448 1467 percit
470 1403 568 1449 unum
590 1402 732 1467 parvum,
764 1389 797 1449 et
827 1384 973 1450 similiter
1001 1384 1042 1448 de
1072 1383 1195 1449 duobus
1217 1382 1392 1466 pecudibus

200 1508 297 1554 unum
319 1507 460 1571 parvum.

300 1593 382 1659 Item
404 1592 443 1658 de
466 1591 608 1674 qualibet
630 1612 731 1675 perna
757 1613 865 1673 unum,

298 1697 379 1761 Item
401 1697 441 1761 de
464 1697 605 1780 qualibet
627 1715 730 1780 cuppa
753 1699 830 1764 salis
853 1716 950 1762 unum
971 1717 1111 1780 parvum.

298 1802 379 1867 Item
401 1801 440 1867 de
463 1821 557 1866 curru
578 1807 724 1885 portante
746 1802 875 1868 bladum
897 1802 977 1869 dues
1000 1820 1125 1885 parvos.

300 1906 380 1971 Item
403 1906 443 1971 de
464 1924 576 1987 magne
608 1925 702 1972 curru
732 1908 873 1973 brasium
902 1911 1048 1989 portante
1078 1909 1148 1971 ecte
1179 1923 1317 1987 grossos,
1352 1905 1392 1969 de

196 2012 311 2075 1111011
333 2028 408 2076 1610
431 2009 494 2073 IIII
516 2028 639 2092 parvus.

300 2115 380 2181 Item
405 2114 445 2179 de
468 2133 561 2179 curru
584 2115 671 2197 ligna
693 2134 749 2197 pro
773 2112 927 2181 aedificiis
949 2115 1070 2180 ferente
1093 2115 1174 2179 duos
1197 2130 1321 2196 parvus,
1352 2112 1392 2177 de

197 2221 268 2285 aliis
291 2237 366 2283 1610
390 2219 535 2285 cunibus
558 2220 644 2301 ligna
667 2237 724 2302 pre
746 2221 822 2301 igne
844 2218 965 2285 1616116
990 2219 1098 2286 nichil.

299 2324 380 2389 Item
403 2323 443 2390 de
466 2344 560 2389 curru
582 2325 763 2407 capisteria,
793 2325 954 2406 scutellas,
988 2323 1086 2405 ciffos,
1118 2324 1206 2403 ollas,
1238 2322 1334 2389 cistas
1360 2326 1393 2385 et

197 2428 310 2493 horum
332 2428 457 2510 similia,
481 2429 560 2494 duos
582 2448 713 2512 parvos3
738 2434 771 2495 et
793 2426 1392 2509 (1601111(110611611110111111106.

301 2533 381 2598 Item
413 2534 453 2599 ab
486 2534 613 2600 11011116
646 2534 855 2601 transferente
890 2552 924 2600 se
959 2552 1031 2599 cum
1061 2532 1333 2615 suppellectilibus
1360 2535 1392 2594 et

196 2639 358 2703 mansione
382 2638 421 2701 de
443 2638 516 2703 locu
538 2638 579 2703 ad
602 2640 706 2703 lecum
735 2639 875 2705 medium
900 2638 1062 2718 161101611,
1093 2636 1241 2703 videlicet
1271 2640 1392 2718 septem

198 2759 334 2822 gressus.

299 2844 379 2910 Item
402 2845 442 2910 de
464 2846 606 2928 qualibet
628 2846 749 2927 lagena,
772 2846 879 2927 lugula
901 2845 973 2926 0161,
1002 2844 1105 2911 olivae
1128 2848 1198 2910 0010
1221 2862 1336 2925 paruus
1360 2849 1392 2908 et

197 2950 329 3014 tetidem
352 2949 391 3014 de
414 2948 526 3031 lagena
548 2949 611 3013 0161
634 2950 745 3031 canapi
768 2954 801 3016 et
824 2968 1026 3032 papaverum.

299 3053 380 3117 Item
403 3052 442 3117 de
465 3053 608 3135 quelibet
629 3054 711 3120 16010
734 3055 915 3137 plumarum
937 3054 999 3119 1111
1022 3073 1145 3137 parvus.

301 3157 381 3221 Item
403 3158 443 3222 de
466 3177 559 3223 curru
581 3159 686 3241 pullus
707 3159 829 3225 ferente
851 3160 930 3224 dues
952 3177 1068 3242 parvus
1091 3164 1124 3225 61
1145 3178 1243 3224 unum
1257 3160 1391 3241 pullum,

200 3262 276 3326 item
299 3261 339 3326 de
362 3280 455 3327 curru
486 3282 545 3329 016
568 3281 625 3327 seu
655 3263 775 3329 fructus
806 3264 953 3329 arborum
982 3268 1128 3347 portante
1158 3264 1237 3329 dues
1267 3282 1389 3346 parvus.

300 3366 380 3430 Item
404 3366 444 3432 de
467 3385 560 3431 curru
582 3368 707 3450 lepores
728 3368 849 3435 1616116
871 3388 968 3433 unum
994 3369 1134 3452 leporem
1163 3370 1214 3435 vel
1235 3386 1388 3451 gressum.

299 3470 379 3535 Item
403 3470 442 3535 de
465 3472 606 3552 qualibet
619 3476 695 3556 tyna
717 3473 821 3539 mellis
843 3473 906 3538 IIII
929 3492 1054 3556 parvos,
1071 3474 1111 3538 de
1126 3493 1205 3539 uma
1220 3492 1295 3540 1610
1311 3474 1390 3539 duos

199 3593 323 3658 parvos.

298 3680 378 3745 Item
400 3680 440 3745 de
463 3699 556 3746 curru
580 3701 651 3747 cum
672 3681 755 3748 ferre
779 3684 869 3764 duee,
893 3683 993 3749 calibe
1016 3701 1090 3748 1610
1113 3682 1177 3747 ΙΙΠ
1198 3702 1322 3766 parvus.

300 3783 380 3850 Item
403 3783 443 3848 de
465 3803 558 3850 curru
581 3787 694 3866 eleum,
719 3805 814 3869 cepas
838 3788 1004 3853 ethorum
1028 3787 1145 3853 similia
1160 3787 1295 3854 ducente
1311 3787 1390 3854 dues

197 3906 321 3970 parvos.

300 3992 381 4057 Item
404 3991 444 4056 de
467 3998 592 4059 centum
614 3996 697 4061 ulnis
719 3997 803 4062 telae
825 3997 905 4063 duos
928 4016 1051 4079 parvos.

300 4096 381 4161 Item
403 4096 443 4161 de
467 4115 560 4162 curru
582 4097 704 4165 ferente
727 4101 849 4183 gladius
872 4099 1062 4184 11161166101
1086 4101 1166 4167 dues
1189 4122 1312 4185 parvos.

300 4200 380 4266 Item
403 4199 442 4266 de
466 4219 559 4267 curru
581 4209 687 4270 vestes
708 4208 833 4271 veteres
855 4206 897 4270 ad
919 4206 1119 4271 vendendum
1141 4212 1286 4290 poitante
1310 4208 1389 4273 dues

200 4323 323 4387 paruos.

300 4409 380 4474 Item
403 4411 443 4476 de
466 4412 609 4495 quolibet
630 4415 741 4479 1101611
764 4415 827 4479 IIII
848 4434 972 4498 parvus.
