3225 5017
243 310 300 359 '292
685 304 751 373 Gap.
767 304 815 359 DL
833 304 1014 360 Universitas.

251 498 356 553 tionum
370 514 402 554 ac
413 496 617 568 collegiatarum
631 496 683 552 sub
692 495 784 551 debito
796 482 938 567 regiminis
951 496 1048 555 ordine
1060 498 1143 554 vitam
1156 496 1256 555 ducem
1272 500 1447 572 10301010οι0,ιι

252 584 281 640 in
297 585 406 640 Statuta
424 584 581 656 subscripta
598 586 812 641 consenserunt:

355 709 384 773 1.
422 708 479 774 De
516 708 667 775 officio
697 708 957 793 praepositi.
1004 709 1164 796 Imprimis
1197 711 1281 778 inter
1312 712 1451 795 collegas

250 832 331 880 unus
352 811 553 897 praepositus
583 815 644 880 erit
673 819 706 881 et
727 814 954 891 nominabitur,
984 815 1074 898 cujus
1099 816 1246 881 executio
1275 814 1371 883 officii
1391 836 1452 899 per

250 938 366 986 annum
387 920 545 1015 integrum
566 920 703 987 durabit.
748 921 812 999 Qui
842 920 971 1003 quidem
1001 921 1129 1003 plenam
1151 921 1373 987 auctoritatem
1392 925 1450 988 1ιο-

248 1024 336 1091 bebit
357 1025 532 1110 exequendi
555 1028 588 1091 et
608 1025 822 1109 prosequendi
844 1024 971 1091 Statuta
992 1024 1124 1091 inferius
1147 1029 1265 1092 notata.
1288 1026 1338 1092 De
1354 1028 1443 1111 cujus

251 1130 414 1212 electione,
437 1128 541 1195 officio
565 1134 597 1197 et
619 1130 809 1197 auctoritate
830 1130 957 1213 plenius
986 1131 1020 1195 in
1042 1130 1260 1214 sequentibus,
1287 1131 1371 1215 quod
1401 1134 1453 1197 est

252 1238 416 1317 statutum,
445 1235 576 1301 dicetur.

355 1342 386 1407 11.
408 1340 468 1407 Ι)0
490 1339 976 1423 electionepraepositi.
1010 1339 1082 1406 Etsi
1104 1341 1239 1423 quisque
1261 1340 1453 1423 collegarum

252 1463 340 1527 onus,
363 1445 448 1529 quod
470 1446 588 1513 caeteri
609 1443 724 1526 ferunt,
758 1444 869 1511 ordine
899 1463 934 1510 se
964 1446 1140 1529 attingente
1168 1446 1289 1528 absque
1320 1464 1453 1512 excusa-

251 1550 338 1615 tione
359 1549 443 1616 ferre
463 1554 619 1632 teneatur,
641 1568 734 1615 nemo
757 1554 865 1615 tamen
888 1546 992 1616 officio
1008 1551 1257 1633 praepositurae,
1281 1550 1345 1616 nisi
1369 1551 1453 1615 elec-

251 1655 339 1720 tione
361 1655 462 1723 libera
477 1656 577 1722 totius
594 1653 728 1737 Collegit
744 1654 894 1737 potiatur.
919 1654 990 1733 Qua
1013 1654 1143 1739 quidem
1163 1655 1330 1737 electione,
1352 1655 1454 1721 ardua

252 1763 285 1825 et
304 1760 485 1827 rationabili
506 1764 731 1844 superextento
754 1776 860 1841 carme,
884 1759 980 1825 etiam
1006 1758 1077 1842 ipse
1101 1760 1219 1843 poterit
1245 1760 1452 1827 transmutari

252 1865 339 1931 ordo.
363 1864 406 1931 Et
427 1866 488 1932 hac
509 1866 581 1949 ipsa
603 1864 716 1931 electio
739 1863 801 1929 isto
824 1865 919 1931 modo
941 1864 1196 1947 sitperagenda.

356 1971 387 2037 3.
421 1970 478 2035 Do
509 1970 623 2036 modo
647 1968 834 2051 eligendi
864 1969 1156 2054 praepositum
1185 1988 1340 2036 novum.
1385 1969 1453 2034 An-

252 2074 362 2158 tiquus
394 2075 595 2159 praepositus
627 2073 713 2140 facta
743 2074 970 2140 convocatione
999 2074 1224 2156 magistrorum
1259 2073 1454 2155 collegamn

254 2184 329 2263 apto
353 2179 406 2245 die
435 2179 519 2245 circa
546 2177 663 2244 festum
693 2177 833 2260 Georgii,
866 2178 1051 2245 immediate
1081 2182 1156 2244 ante
1186 2177 1363 2261 prandium,
1392 2177 1453 2242 sub

254 2284 361 2351 debito
394 2284 594 2351 obedientiae
627 2287 660 2349 et
692 2283 751 2350 sub
783 2302 889 2366 poena
928 2302 991 2349 non
1025 2273 1271 2363 contradicendi,
1305 2284 1454 2350 muccata

253 2390 390 2473 primum
419 2389 523 2472 gratia
550 2388 687 2473 Spiritus
717 2390 820 2455 sancti
851 2393 884 2454 et
915 2388 1001 2455 facta
1030 2408 1087 2472 per
1116 2385 1335 2471 praepositum
1363 2387 1454 2453 brevi

254 2513 370 2577 arenga
392 2513 449 2561 seu
472 2492 771 2561 commonefactione
793 2512 890 2577 super
905 2493 1004 2576 digna
1022 2497 1055 2559 et
1069 2492 1142 2559 utili
1156 2510 1293 2576 persona
1307 2492 1455 2575 eligenda

254 2600 296 2666 ad
318 2600 384 2667 dict
369 2604 438 2667 turn
460 2598 599 2674 officium
621 2599 872 2683 praepositurae,
898 2598 1044 2682 requirat
1065 2598 1267 2681 praepositus
1291 2601 1367 2664 vota
1388 2596 1455 2663 sin-

255 2705 400 2789 gulorum
433 2725 453 2771 a
485 2705 663 2771 senioribus
696 2704 947 2788 incipiendoet
914 2705 1069 2789 ejuxta
1098 2704 1316 2787 pluralitatem
1338 2720 1455 2769 uocum

256 2811 423 2877 concludat
408 2815 501 2894 tpro
523 2828 660 2893 persona
680 2810 851 2876 nominata.
897 2808 931 2874 Si
952 2827 1027 2875 vero
1050 2807 1175 2874 fuerint
1155 2810 1294 2875 tvoces
1320 2826 1454 2873 numero

256 2935 359 3000 pares,
382 2916 424 2982 ad
446 2934 541 2998 quam
562 2916 690 2981 illarum
705 2915 844 2998 partium
859 2914 993 2980 duarum
1008 2914 1212 2997 praepositus
1235 2931 1346 2980 uocem
1360 2931 1454 2981 suam

257 3019 390 3103 dederit,
413 3038 470 3103 pro
492 3020 548 3085 illo
572 3038 629 3103 per
651 3018 817 3105 antiquum
839 3018 1057 3101 praepositum
1080 3018 1294 3085 concludatur.

360 3125 389 3190 4.
413 3124 471 3189 De
494 3124 767 3207 susceptione
789 3123 1125 3207 praepositurae.
1158 3123 1220 3206 Sic,
1243 3128 1280 3189 ut
1302 3122 1455 3207 praemit-

256 3232 345 3313 titur,
368 3229 497 3311 electus,
521 3229 549 3294 si
581 3228 695 3295 absens
717 3228 825 3311 fuerit,
855 3246 928 3295 mox
950 3247 1008 3312 per
1037 3229 1257 3312 praepositum
1286 3233 1455 3310 evocetur3

255 3338 283 3404 si
305 3354 380 3404 vero
402 3351 555 3418 praesens
577 3332 683 3416 fuerit,
705 3335 781 3401 talis
803 3331 981 3417 significata
1003 3334 1065 3401 sibi
1091 3333 1131 3398 de
1146 3351 1182 3399 se
1197 3333 1285 3400 facta
1300 3333 1455 3399 electione

256 3460 330 3509 mox
351 3444 477 3507 tenetur
498 3439 662 3522 suscipere
684 3438 824 3506 officium
844 3438 972 3505 futurae
993 3438 1243 3522 praepositurae,
1277 3436 1363 3504 facta
1385 3438 1455 3522 pol-

256 3548 432 3616 licitatione
470 3563 566 3627 super
601 3541 688 3609 fideli
725 3547 758 3609 et
795 3543 941 3626 diligenti
983 3560 1135 3609 censuum
1172 3543 1384 3626 exquisitione
1420 3549 1456 3610 et

259 3650 495 3736 dispensatione
536 3652 569 3714 et
605 3649 655 3713 sui
696 3646 793 3713 officii
828 3648 1014 3714 executione
1048 3647 1089 3713 ad
1123 3649 1246 3733 antiqui
1279 3651 1455 3732 praepositi

256 3756 502 3840 stipulationem.
527 3752 648 3833 Quodsi
671 3753 791 3819 dictum
814 3750 954 3818 officium
975 3758 1138 3820 recusaret
1160 3755 1331 3837 suscipere,
1364 3758 1454 3819 tene-

256 3862 344 3929 bitur
365 3879 422 3945 pro
452 3858 529 3927 fisco
561 3855 695 3943 Collegii
725 3857 849 3924 solvere
882 3858 962 3925 duas
992 3876 1166 3941 sexagenas
1197 3876 1390 3941 grossorum,
1422 3866 1457 3925 01

258 3968 320 4033 hoc
340 3966 458 4031 totiens
491 3963 638 4046 quotiens
671 3964 776 4046 ipsum
807 3962 919 4044 reeligi
942 3963 1110 4044 contigerit
1139 3965 1173 4029 iu
1203 3960 1342 4029 officium
1363 3982 1456 4048 prae-

259 4072 379 4139 dictum
381 4072 468 4150 ,aut
489 4065 710 4133 rationabilem
735 4068 973 4135 excusationem
995 4085 1121 4150 ponere,
1145 4086 1240 4150 quam
1256 4068 1359 4152 major
1380 4088 1457 4152 pare

261 4176 453 4257 collegarum
474 4170 673 4255 approbaret.

363 4278 394 4345 5.
427 4275 656 4345 Deofficio
687 4276 857 4357 dignit
837 4280 992 4358 ateque
1021 4279 1245 4359 praeposit
1252 4278 1326 4342 iet
1311 4277 1457 4344 tl-oca

261 4386 377 4454 tione
399 4384 512 4451 circa
533 4400 720 4450 mensam.
766 4379 897 4447 Electus
920 4380 1013 4445 modo
1044 4380 1246 4463 praedicto
1236 4401 1270 4447 ιιι
1291 4383 1458 4464 praeposi·
