3225 5017
325 319 391 388 Gap.
410 320 431 373 l.
449 319 504 373 Res
524 318 558 371 ad
576 318 653 388 regni
671 319 933 375 administrationem
953 327 1116 390 spectantes,
1280 320 1313 375 45

121 508 212 590 regni
235 527 377 591 coronae,
400 491 563 577 fidelitatis
586 516 619 575 et
641 512 843 596 subjectionis
867 512 992 578 debitae
1015 514 1107 580 solito
1125 514 1312 597 juramento,

121 613 287 694 praedicta
307 612 391 681 bona
411 634 470 699 per
489 636 540 681 me
562 616 740 699 praefatum
752 618 957 698 Fridericum,
980 617 1113 683 heredes
1136 616 1169 683 11
1190 636 1314 683 succes·

122 734 212 781 sores
241 736 329 785 meos
351 720 496 800 tenenda,
526 720 672 785 habenda
701 724 734 785 et
762 725 915 804 perpetuo
937 721 1138 804 possidenda,
1170 724 1254 787 omni
1276 742 1313 788 eo

119 820 225 901 modo,
250 823 437 904 conditione,
465 825 537 907 jure
559 844 579 889 a
599 825 734 890 liberate
754 844 791 890 ao
815 824 1049 905 consuetudine,
1077 826 1159 891 sicut
1179 827 1312 893 barones

118 925 211 1007 regni
233 926 406 993 Bohemiae
427 946 486 992 sua
507 928 590 993 bona
610 927 750 993 feudalia
771 929 873 994 libera
894 929 1057 1011 possident
1078 934 1173 1013 atque
1195 936 1312 1013 tenent,

118 1029 256 1111 praefati
279 1030 397 1096 domini
410 1032 473 1096 mei
487 1032 700 1114 Imperatoris,
723 1031 876 1097 heredum
899 1037 931 1097 et
952 1045 1313 1118 successorum‘suorum

118 1153 232 1216 regum
253 1134 426 1202 Bobomiae
454 1140 487 1201 et
515 1137 649 1202 aliorum
677 1137 890 1219 quorumlibet
918 1138 950 1202 in
979 1138 1162 1221 praemissis
1187 1139 1312 1222 juribus
1375 1188 1376 1191 ,

118 1257 247 1322 semper
268 1241 373 1306 111111.

225 1345 344 1411 Datum
365 1345 488 1429 Pragae
509 1366 537 1412 a.
561 1347 599 1412 D.
626 1347 718 1412 1361.

225 1482 315 1549 (Areia.
332 1483 448 1537 Karist:
469 1485 585 1536 Monstri
602 1484 677 1536 deakd
693 1502 710 1535 o
729 1464 861 1551 Queat.)

224 1658 275 1723 27.
311 1658 469 1737 Grezep
503 1659 628 1743 (Novy
661 1658 838 1741 Hradec)
872 1664 1060 1725 castrum.
1108 1660 1199 1727 1362.
1246 1661 1312 1727 Nos

114 1763 244 1843 Petrus,
273 1761 423 1844 Jodocus,
455 1753 582 1830 [liricns
604 1769 637 1828 et
657 1763 797 1836 loannes
826 1763 940 1829 fratres
962 1765 1103 1845 germani
1132 1765 1172 1829 de
1193 1766 1312 1831 Roseu-

114 1869 198 1950 berg
219 1868 261 1933 ad
282 1869 502 1934 universorum
523 1868 668 1933 notitiam
691 1919 697 1933 .
723 1919 729 1932 .
754 1918 761 1933 .
786 1918 793 1933 .
822 1866 907 1951 quod
930 1871 1068 1932 castrum
1090 1886 1161 1932 cum
1184 1870 1312 1935 civitate

115 1971 305 2037 Greczen
327 1972 419 2055 (910)
442 1977 474 2036 11
495 1972 591 2037 villae
611 1971 693 2036 infra
717 1972 855 2055 scriptae
878 1990 949 2037 cum
971 1972 1065 2053 agris,
1093 1972 1182 2037 silvis
1204 1978 1236 2037 et
1258 1992 1311 2038 11-

114 2076 259 2141 moribus
282 2080 315 2141 11
337 2077 404 2141 suis
425 2077 635 2159 pertinentiis
658 2082 752 2159 prout
770 2076 901 2142 inferius
923 2076 1045 2143 in‘suis
1060 2078 1153 2141 metis
1176 2081 1208 2142 11
1229 2078 1311 2141 limi-

113 2180 207 2246 tibus
229 2185 304 2245 sunt
325 2180 482 2262 distincta,
506 2182 670 2248 videlicet:
693 2182 769 2247 villa
791 2181 965 2261 Ledercall,
989 2180 1065 2246 villa
1086 2181 1194 2246 Binow
1209 2181 1311 2264 (910),

113 2285 196 2350 uilla
218 2284 370 2351 Gruczow
392 2286 494 2369 (310),
517 2278 594 2353 nilla
616 2284 770 2369 Scriplim
794 2290 827 2349 11
849 2284 937 2349 curia
959 2303 1016 2349 seu
1039 2285 1189 2351 allodium
1211 2282 1311 2351 Suar-

113 2388 237 2454 zishow
265 2393 298 2455 11
327 2391 427 2455 silvae
449 2409 506 2455 seu
529 2390 727 2480 nemora-ad
757 2390 862 2472 ipsum
892 2394 1030 2455 castrum
1052 2389 1194 2455 Greczen
1224 2407 1313 2472 spec-

112 2497 223 2558 tantes
246 2499 278 2558 et
299 2496 488 2582 spectantia,
515 2495 668 2560 viciniora
697 2498 801 2560 castro
823 2494 995 2577 praedicto,
1025 2494 1175 2560 videlicet
1202 2496 1235 2559 iu
1257 2514 1315 2559 nu*

112 2616 206 2662 111111
230 2603 354 2663 centum
376 2600 489 2681 viginti
511 2598 650 2682 quinque
678 2600 842 2665 laneorum
864 2602 1011 2682 (quorum
1033 2596 1111 2664 fines
1139 2604 1174 2692 et
1194 2600 1312 2664 limites

111 2702 226 2767 taliter
247 2704 473 2786 exprimuntur,
496 2704 661 2768 uidelicet:
692 2703 763 2784 Via,
786 2723 869 2786 quae
891 2704 980 2768 ducit
1001 2702 1040 2767 de
1062 2703 1138 2769 villa
1159 2702 1311 2768 Nabalicz

112 2807 202 2872 ultra
223 2806 347 2873 Pucber
368 2826 468 2891 usque
490 2808 531 2872 ad
552 2806 706 2873 Paludem
728 2810 795 2873 sive
810 2807 925 2887 Blatto,
949 2806 1071 2871 deinde
1085 2804 1184 2889 11111
1207 2808 1309 2890 ipsam

111 2909 267 2993 paludem
289 2915 363 2976 sunt
383 2909 462 2975 fines
484 2901 552 2976 sive
574 2909 691 2976 limites
712 2910 793 2994 Pssy
816 2910 940 2977 Ostrou
962 2914 995 2975 et
1015 2910 1130 2999 abinde
1152 2909 1312 2993 quaedam¹

112 3015 232 3081 semita
259 3034 361 3098 usque
388 3015 539 3081 Kochlow
568 3013 692 3098 signata
724 3021 757 3081 et
789 3017 920 3099 insuper
952 3034 1054 3099 usque
1083 3016 1127 3081 ad
1151 3030 1308 3098 'quercum

112 3120 202 3202 regis
233 3137 328 3203 super
356 3120 473 3187 limites
502 3120 672 3185 Herstraoz
702 3124 735 3185 et
763 3120 878 3186 abinde
911 3138 1012 3203 usque
1041 3119 1082 3185 ad
1111 3117 1309 3184 obstaculum

112 3222 291 3289 molendini
303 3224 502 3305 Nedikonis)‚
526 3225 656 3307 insuper
676 3222 793 3290 flumen
816 3224 935 3289 dictum
957 3223 1124 3303 Strobnitz‚
1148 3240 1219 3287 cum
1237 3222 1311 3287 aliia

111 3330 194 3394 rivis
217 3346 276 3393 seu
297 3328 419 3409 rivulis,
442 3329 497 3410 qui
515 3329 582 3410 jam
604 3330 698 3393 dictis
721 3329 810 3394 silvis
832 3347 889 3394 seu
910 3328 1091 3395 nemoribus
1107 3326 1255 3391 desinunt
1277 3328 1310 3390 11

112 3433 325 3514 continentur,
349 3452 369 3497 a
389 3450 487 3514 regno
501 3432 673 3499 Bohemiae
695 3435 827 3517 eiusque
849 3433 931 3497 divis
953 3434 1091 3513 regibus,
1114 3432 1169 3513 qui
1182 3430 1314 3495 iuuerunt.

110 3556 172 3621 pro
187 3542 341 3621 ternpore,
365 3537 584 3620 dependebant
606 3542 639 3603 et
659 3556 742 3602 nunc
764 3556 784 3601 a
806 3537 932 3602 domino
954 3540 1062 3605 nostro
1078 3535 1190 3601 Carolo
1205 3534 1308 3617 Impe-

110 3646 220 3707 ratore
250 3638 286 3706 ut
314 3641 450 3723 aroge
467 3640 638 3706 Bobemiae
668 3642 847 3725 dependent
879 3642 912 3707 in
940 3640 1086 3719 feudum3
1121 3640 1203 3705 aliae
1231 3656 1307 3704 vero

112 3748 211 3814 villae
241 3750 274 3811 11
301 3744 495 3811 hereditates
525 3764 597 3811 cum
626 3746 715 3813 silvis
746 3766 802 3811 1111
825 3745 1005 3813 nemoribus
1035 3743 1169 3824 aliisque
1198 3761 1306 3807 earum

112 3850 316 3936 pertinentiis
331 3851 487 3917 universis
503 3852 543 3916 ad
558 3850 643 3917 idam
665 3857 804 3917 castrum
819 3848 1033 3935 spectantibus
1055 3850 1088 3914 in
1101 3848 1231 3913 feudum
1245 3864 1307 3912 111

112 3956 304 4039 dependent,
328 3955 385 4020 sed
399 3954 632 4037 tanquam-alia
645 3956 729 4023 bona
742 3959 851 4021 nostra
872 3972 954 4038 quae
975 3956 1009 4018 in
1022 3970 1119 4035 regno
1134 3951 1306 4016 Bohemiae

112 4060 324 4143 possidemus,
354 4058 454 4125 libera
476 4078 547 4125 1111
576 4061 811 4148 dignoscuntur.
857 4058 925 4141 Ego
954 4075 1080 4140 quoque
1101 4055 1241 4123 Jodocus
1266 4054 1306 4119 da

111 4165 299 4247 Rosenberg
328 4165 529 4247 supradictus
558 4182 747 4246 recognosco
776 4164 810 4229 in
832 4163 882 4228 bis
905 4162 1032 4244 scriptis
1061 4160 1227 4239 universis
1256 4177 1306 4223 me

111 4270 220 4352 ipsum
242 4274 381 4336 castrum
403 4268 540 4334 Gretzen
570 4288 641 4334 cum
663 4269 792 4334 civitate
815 4266 952 4333 Gretuen
982 4268 1014 4329 et
1035 4266 1119 4331 villis
1141 4277 1306 4329 1111111-

110 4376 203 4441 ribus
232 4374 379 4457 aliisque-
398 4371 506 4439 earum
529 4372 728 4455 pertinentiis
758 4370 982 4450 attractibus,
1011 4375 1107 4451 prout
1135 4368 1252 4433 limites
1275 4371 1308 4433 et
