3225 5017
394 305 572 377 captibos
591 306 627 361 ad
643 306 721 377 regni
740 307 1006 363 administrationem
1026 313 1193 378 spectantes„
1373 311 1388 358 'l
1464 305 1467 312 “

171 528 173 533 ·
193 502 291 563 tatem
314 500 440 581 plenam
455 504 487 566 et
501 500 712 570 omnimodam
726 504 925 583 potestatem,
948 500 1160 583 quorumlibet
1173 496 1393 566 maleficorum¹

194 604 378 671 insolentias
409 611 442 671 et
470 607 665 699 temeritates
688 606 804 673 Nostro
833 607 959 672 nomine
988 604 1180 689 reprimendi
1209 622 1247 669 ac
1268 623 1389 688 pacem,

194 710 455 793 tranquillitatem
477 715 510 776 et
532 730 695 777 commune
716 712 835 778 bonum
863 711 897 775 in
925 728 1022 793 regno
1043 708 1160 775 Nostro
1183 708 1389 793 procurandi:

194 813 312 879 idcirco
331 816 421 881 vobis
445 816 589 882 omnibus
613 821 645 882 et
668 816 797 885 cuilibet
819 820 960 882 vestrum
982 815 1102 880 seriose
1124 814 1336 898 praecipimus
1359 816 1391 877 et

193 919 378 1003 mandamus
400 919 537 986 Nostrae
559 922 681 1003 gratiae
706 922 765 987 sub
789 922 929 1001 obtentu,
960 924 1115 1003 quatenus
1144 937 1202 1002 pro
1226 917 1391 1001 dirigenda

193 1024 356 1105 republica
378 1042 415 1089 ac
436 1024 666 1107 regnoNostro
683 1025 844 1107 Boemiae,
867 1024 967 1090 Nobis
986 1024 1190 1104 absentibus·
1202 1023 1236 1088 in
1257 1041 1337 1107 pace
1359 1025 1392 1086 et

193 1128 422 1211 tranquillitate
455 1130 682 1212 conservando,
727 1129 879 1214 praefatis
916 1129 1091 1212 capitaneis
1118 1121 1250 1193 ¹Nostris
1283 1131 1392 1191 contra

193 1232 358 1298 universos
392 1238 425 1298 et
457 1234 598 1317 singulos
633 1232 803 1315 maleficos,
838 1235 962 1301 viarum
990 1234 1187 1315 publicarum
1217 1231 1391 1314 depraeda-

193 1341 278 1402 tores
301 1341 334 1401 et
356 1338 435 1402 alios
457 1338 616 1403 violentos
640 1356 854 1421 oppressores,
885 1337 1135 1420 quotiescunque
1158 1349 1312 1419 supereo
1333 1355 1392 1417 per

195 1440 322 1506 eosdem
345 1441 541 1507 consiliarios
558 1440 691 1507 Nostros
715 1460 771 1507 seu
793 1442 929 1507 alterum
950 1442 1092 1523 ipsorum
1106 1440 1252 1524 requisiti
1266 1439 1391 1505 fueritis

196 1564 252 1613 seu
281 1546 396 1628 aliquis
425 1549 567 1611 vestrum
594 1544 692 1611 fuerit
723 1546 907 1629 requisitus,
950 1565 1021 1611 cum
1054 1547 1201 1628 gentibus
1231 1564 1391 1611 armorum

195 1650 345 1717 assistere
362 1650 455 1733 juxta
476 1668 570 1732 posse
592 1655 733 1716 vestrum
755 1650 857 1716 modis
881 1650 1025 1716 omnibus
1047 1650 1191 1716 debeatis
1214 1654 1272 1716 etc.
1309 1648 1392 1715 Nam

196 1755 223 1819 si
246 1756 317 1838 quis
339 1755 381 1821 ad
403 1755 641 1837 requisitionem
671 1756 905 1839 praedictorum
934 1756 1171 1838 capitaneorum
1196 1756 1280 1838 circa
1301 1773 1392 1838 prae-

195 1859 292 1925 missa
320 1859 459 1925 renitens
488 1859 584 1925 fuerit
614 1864 670 1925 aut
698 1860 860 1940 remissus,
893 1863 1006 1926 extunc
1036 1859 1187 1943 praefatis
1218 1858 1391 1942 capitaneis

196 1964 408 2029 commisimus
438 1969 471 2029 et
499 1964 644 2030 dedimus
674 1965 849 2047 plenariam
879 1967 1079 2046 potestatem,
1116 1969 1224 2030 contra
1255 1963 1390 2029 eundem

195 2073 356 2152 tamquam
378 2068 612 2134 malefactorem
635 2070 796 2153 publicum
819 2073 852 2135 et
872 2069 1092 2135 mandatorum
1114 2070 1269 2151 regalium
1289 2073 1392 2133 mans-

196 2192 372 2255 gressorem
400 2173 515 2256 agendi
546 2178 578 2238 et
607 2173 807 2256 procedendi,
837 2178 933 2256 prout
961 2174 1008 2240 eis
1037 2175 1142 2240 visum
1170 2173 1268 2239 fuerit
1297 2192 1391 2255 expe·

196 2276 264 2342 dire
286 2282 344 2343 etc.

301 2416 339 2483 (E
355 2414 480 2483 capsario
498 2416 645 2469 Ibemisala
666 2419 757 2482 Peleoi,
775 2416 811 2469 K.
835 2417 934 2470 Weaael
956 2415 1018 2470 Urit.
1038 2417 1108 2485 197).

771 2696 807 2763 Β.

492 2814 664 2883 Conventus
685 2818 779 2882 totius
800 2818 896 2905 requi
915 2818 1099 2888 mooocotio.
1210 2826 1213 2829 ’

302 3008 353 3078 (Of,
370 3008 521 3065 Slovanske
544 3011 629 3079 pravo
653 2990 813 3063 adechach
835 3023 853 3063 a
875 3022 913 3062 na
935 3006 1055 3063 Morare.
1091 3006 1180 3077 1115.
1199 3012 1255 3062 24.;
1290 3008 1390 3080 Sndmy

198 3098 328 3165 zemske).

304 3222 331 3286 1.
356 3219 623 3285 Wenceslaus
653 3218 705 3285 dei
727 3217 830 3300 gratia
851 3216 1063 3283 Romanorum
1091 3234 1148 3281 rex
1176 3233 1302 3300 semper
1334 3238 1389 3284 au-

198 3330 310 3409 gustus
333 3329 366 3389 et
387 3324 536 3389 Boemiae
557 3341 621 3387 rex.

301 3430 426 3495 Fideles
448 3428 571 3494 dilecti!
594 3426 646 3492 Ad
668 3427 899 3509 disponendum
926 3427 960 3491 in
981 3445 1078 3509 regno
1100 3426 1216 3493 Nostro
1239 3426 1389 3494 Boemiae

199 3541 317 3601 statum
339 3531 507 3617 pacificum
535 3537 568 3597 et
595 3532 799 3616 tranquillum
830 3536 862 3596 et
891 3532 1034 3615 ejusdem
1054 3532 1143 3614 regni
1163 3533 1390 3615 rempublicam

197 3640 333 3706 feliciter
353 3636 593 3723 procurandam,
616 3637 750 3702 barones
772 3636 861 3718 regni
875 3636 1031 3717 praedicti
1053 3636 1094 3701 ad
1108 3636 1283 3719 proximam
1305 3637 1391 3703 diem

199 3744 395 3811 Dominicam
424 3747 497 3809 ante
525 3742 642 3808 festum
671 3740 700 3807 S.
732 3740 896 3807 Elisabeth
925 3740 1061 3823 Pragam
1089 3741 1287 3806 decrevimus
1317 3761 1391 3806 con·

200 3850 366 3916 vocandos.
391 3846 484 3912 Unde
504 3845 651 3912 fidelitati
673 3848 798 3911 vestrae
820 3844 940 3911 seriose
960 3844 1172 3928 praecipimus
1195 3850 1228 3912 et
1242 3864 1391 3929 expresse

199 3954 394 4033 mandamus,
417 3955 572 4034 quatenus
588 3950 667 4015 duos
690 3950 730 4014 de
749 3949 880 4015 consilio
903 3968 974 4015 cum
996 3949 1089 4032 pleno
1112 3949 1251 4017 civitatis
1265 3954 1391 4016 vestrae

199 4059 346 4125 mandato
376 4057 417 4122 ad
438 4056 505 4122 Nos
527 4054 662 4137 Pragam
690 4054 827 4137 dirigere
857 4055 1009 4135 debeatis,
1035 4054 1143 4120 taliter
1170 4059 1207 4120 ut
1228 4056 1391 4138 praedicta

200 4160 252 4229 die
266 4162 432 4227 Dominica
454 4160 539 4243 apud
553 4159 619 4224 Nos
641 4160 674 4225 in
689 4158 792 4242 Praga
815 4160 878 4225 sint
892 4157 1028 4225 finaliter
1043 4159 1214 4226 constituti.
1237 4159 1390 4227 Volumus

200 4268 305 4347 etiam,
336 4270 372 4329 ut
392 4264 519 4330 interim
541 4264 574 4331 in
596 4264 724 4331 civitate
746 4270 854 4332 vestra
876 4265 988 4331 diebus
1018 4266 1060 4332 ad
1081 4265 1141 4330 hoc
1162 4266 1246 4347 aptis
1268 4266 1391 4348 procla-

199 4372 279 4437 mari
301 4371 427 4453 publice
447 4369 581 4449 faciatis,
612 4373 648 4434 ut
669 4388 777 4435 omnes
800 4375 834 4446 et
854 4371 980 4452 singuli,
1011 4372 1125 4454 quibus
1147 4370 1229 4434 bona
1250 4369 1391 4451 ipsorum
