3225 5017
947 321 1078 391 Cap.
1115 320 1210 374 ΠΙ.
1246 319 1356 374 Res
1394 317 1675 372 militares.
2401 322 2498 369 103

1265 512 1335 575 B.

1131 631 1469 695 Mandata.

317 826 392 889 A.
445 826 628 892 1345.
688 824 983 890 Ceterum
1026 824 1206 891 vobis
1252 825 1630 889 auctoritate
1689 823 1866 905 regia
1910 822 2199 888 districte
2258 825 2503 906 praeci-

109 929 341 1012 piendo
401 931 793 1010 mandamus,
856 914 1168 1012 quatenus
1226 947 1340 996 vos
1401 946 1618 994 omnes
1664 931 1731 993 et
1790 928 2022 1009 singuli
2084 947 2226 993 cum
2272 931 2502 996 vestris

108 1034 524 1100 servitoribus
587 1039 652 1099 et
707 1035 963 1101 rusticis
1022 1035 1335 1101 universis
1398 1032 1540 1100 cum
1585 1037 1897 1118 apparatu
1940 1034 2241 1100 bellicoso
2287 1038 2504 1102 statlm

108 1140 386 1223 prompti
447 1158 588 1205 esse
655 1139 942 1205 debeatis
1007 1143 1072 1204 et
1128 1140 1354 1222 parati,
1417 1143 1483 1205 et
1541 1139 1661 1204 hoc
1722 1139 1892 1204 idem
1952 1140 2217 1221 singulis
2277 1139 2504 1206 diebus

106 1244 365 1325 publice
421 1246 798 1327 proclamari
841 1244 1111 1325 faciatiS,
1173 1249 1247 1309 ut
1299 1263 1515 1310 omnes
1558 1244 1823 1325 nobiles,
1875 1244 2271 1325 wladicones,
2323 1232 2505 1310 'clau-

108 1349 357 1429 strale8‚
428 1351 867 1415 canonicorum
930 1350 1269 1416 servitores
1336 1354 1402 1415 et
1461 1367 1677 1415 omnes
1745 1349 1967 1414 rustici
2038 1349 2505 1431 praedictorum

108 1453 405 1519 similiter
446 1456 679 1537 promti
725 1457 853 1521 sint
895 1459 961 1520 et
1011 1455 1238 1538 parati,
1301 1454 1419 1520 sub
1471 1473 1686 1519 rerum
1730 1457 1795 1518 et
1838 1471 2250 1535 personarum
2294 1454 2505 1538 perdi-

106 1559 302 1640 tione,
363 1560 473 1642 qui
517 1578 670 1642 prae
732 1563 1060 1626 senectute
1103 1560 1206 1625 vel
1245 1559 1580 1641 juventute
1628 1578 1822 1639 arma,
1871 1556 2287 1638 defendicula,
2337 1577 2504 1623 cam-

105 1665 328 1746 bucas,
387 1664 648 1731 baculos
712 1666 815 1731 vel
883 1668 1099 1732 contos
1168 1664 1336 1729 ferre
1399 1664 1673 1745 valeant,
1733 1664 2064 1730 nobiscum
2123 1663 2502 1747 processuri,

105 1769 615 1854 quandocunque
685 1771 867 1837 vobis
934 1775 999 1836 et
1062 1771 1220 1855 ipsis
1286 1768 1809 1849 intimaverimuS,
1886 1768 1969 1833 ad
2042 1769 2506 1834 defendendum

104 1893 395 1957 regnum,
456 1875 582 1940 imo
637 1876 873 1942 domini
917 1877 1088 1958 regis
1149 1894 1224 1940 ac
1267 1875 1590 1959 proprium
1654 1877 1941 1939 nostrum
2000 1876 2396 1940 commodum
2442 1878 2507 1939 et

107 1979 435 2060 honorem,
498 1980 860 2064 ubicunque
911 1979 1106 2046 fuerit
1147 1998 1424 2046 necesse.
1487 1980 1654 2058 Quia
1696 1997 1818 2061 pro,
1865 1999 1940 2044 eo
1985 1979 2349 2062 praedictus
2394 1979 2505 2043 do-

104 2086 321 2150 minus
364 2090 581 2151 noster
623 2103 736 2149 rex
779 2103 894 2150 nos
939 2084 1110 2150 domi
1142 2087 1206 2150 et
1248 2084 1313 2148 in
1358 2085 1544 2150 metis
1589 2102 1815 2151 versus
1845 2083 2184 2149 Bavariam
2226 2083 2502 2165 reliquit,

107 2193 499 2273 quapropter
557 2189 761 2255 dictas
820 2193 1022 2255 metas
1084 2189 1164 2253 de
1240 2194 1448 2254 castro
1511 2190 1593 2255 ad
1663 2193 1958 2271 castrum,
2019 2189 2100 2254 de
2156 2188 2506 2255 munitione

105 2293 195 2358 ad
238 2295 669 2373 munitionem,
731 2292 812 2357 de
858 2296 1059 2359 strata
1102 2293 1185 2357 ad
1229 2297 1494 2360 stratam
1552 2295 1795 2359 intente
1839 2293 2257 2377 procedimus,
2305 2297 2372 2358 et
2412 2292 2506 2357 la-

103 2397 408 2464 boramus
474 2399 648 2481 ipsas
715 2401 938 2477 metas,
1008 2401 1235 2478 castra,
1306 2399 1689 2464 munitiones
1750 2402 1814 2464 et
1874 2402 2107 2464 stratas
2170 2401 2354 2462 caute
2411 2396 2504 2461 lo-

110 2502 370 2584 candae,
416 2522 498 2568 ne
542 2521 620 2568 ex
666 2502 934 2586 abrupto
979 2503 1355 2570 maledictus
1385 2505 1781 2587 vituperator
1821 2521 2085 2586 regnum
2114 2503 2352 2569 intrare
2393 2520 2504 2566 va-

104 2608 244 2673 leat
285 2608 388 2674 vel
431 2599 651 2692 possit.
744 2607 930 2675 Unde
971 2608 1331 2674 nullatenus
1392 2608 1737 2678 subsedere
1795 2609 2099 2687 debeatis,
2160 2608 2313 2691 quin
2360 2624 2502 2670 cum

103 2717 248 2778 tota
290 2714 615 2796 provincia
658 2718 890 2794 vestra,
939 2732 1083 2779 cum
1125 2714 1305 2780 vobis
1351 2713 1870 2794 intimaverimus,
1916 2712 2099 2778 nobis
2142 2713 2279 2777 sine
2322 2729 2499 2776 mora

106 2818 176 2882 in
224 2836 595 2889 succursum
637 2818 944 2897 veniatis;
991 2821 1056 2883 et
1097 2835 1213 2883 nos
1245 2835 1280 2881 e
1312 2835 1613 2883 converso
1645 2818 1843 2898 vobis,
1892 2818 1946 2882 si
1989 2834 2251 2881 necesse
2289 2814 2500 2896 fuerit,

108 2923 178 2987 in
242 2940 612 2989 succursum
671 2923 999 2989 veniemus
1066 2941 1209 2987 cum
1268 2921 1556 2988 omnibus
1614 2922 1869 3000 nostrie,
1938 2939 2097 3005 quos
2154 2920 2505 2986 valebimus

110 3027 445 3108 suscitare,
509 3047 652 3094 cum
695 3027 877 3093 nobis
923 3026 1231 3093 duxeritis
1291 3027 1741 3106 intimandum3
1803 3044 1918 3091 nos
1963 3044 2113 3091 vero
2159 3027 2338 3108 prius
2381 3043 2505 3090 non

106 3131 567 3213 intimabimus,
614 3132 739 3198 nisi
786 3132 1022 3196 serium
1065 3130 1422 3198 videbimus
1469 3135 1535 3197 et
1562 3131 1766 3213 ipsius
1798 3131 2246 3212 vituperatoris
2277 3128 2359 3194 ad
2390 3148 2505 3195 nos

113 3253 504 3317 processum.

326 3340 564 3407 Datum
607 3341 868 3424 Pragae.

329 3480 464 3546 (Pal.
501 3480 674 3534 Pom.
712 3481 756 3535 Ι.
794 3481 937 3548 157.)

259 3700 271 3707 2
332 3656 518 3721 1362.
566 3655 666 3720 24.
717 3655 899 3721 Febr.
947 3653 1080 3720 Nos
1118 3654 1317 3738 judex
1362 3658 1428 3720 et
1470 3654 1710 3719 scabini
1756 3653 2031 3719 civitatis
2071 3652 2254 3717 Altae
2284 3652 2503 3717 Mutae

112 3763 336 3824 tenore
392 3760 819 3840 praesentium
877 3759 1383 3840 recognoscimus
1445 3758 1776 3837 universis,
1836 3775 1951 3823 nos
2012 3777 2051 3822 a
2097 3758 2499 3823 serenissimo

114 3865 404 3947 principe
451 3864 675 3930 Carolo
718 3864 1146 3929 Romanorum
1188 3864 1568 3946 imperatore
1613 3880 1864 3945 semper
1912 3861 2201 3944 Augusto
2248 3866 2314 3927 et
2342 3861 2501 3927 Boe-

117 3969 288 4035 miae
331 3986 499 4050 rege,
563 3968 813 4033 domino
858 3972 1074 4033 nostro
1120 3967 1596 4049 gratiosissimO,
1646 3971 1711 4031 et
1753 3967 2004 4031 nomine
2062 3967 2264 4049 ipsius
2310 3986 2348 4031 a
2393 3967 2503 4030 do-

116 4075 290 4138 mine
331 4073 548 4153 Paulo,
596 4091 881 4138 camerae
923 4073 1102 4154 regni
1144 4071 1446 4138 Boemiae
1503 4071 1770 4150 notarie,
1830 4074 2147 4137 trecentos
2189 4071 2500 4150 thoraceS,

117 4178 423 4243 ducentas
465 4178 726 4260 triginta
769 4182 1014 4260 septem
1056 4178 1358 4243 barbutas
1405 4195 1546 4241 cum
1577 4174 1990 4258 appendiciis,
2039 4176 2312 4242 ducenta
2356 4176 2499 4241 bra-

119 4283 331 4365 chilia,
390 4285 652 4366 triginta
709 4288 954 4365 septem
998 4281 1348 4347 humeralia
1408 4286 1474 4347 et
1515 4281 1777 4362 triginta
1835 4281 2077 4346 colliria
2120 4280 2501 4363 percepisse,

121 4387 206 4453 ad
265 4407 428 4470 quae
484 4390 612 4454 alia
671 4406 862 4467 arma,
930 4387 1231 4453 videlicet
1289 4387 1608 4466 barbutaS,
1677 4386 2045 4465 humeralia,
2114 4384 2501 4468 chyrotecaS,
