3225 5017
224 311 273 359 366
396 368 399 374 ,
695 301 759 371 Gap.
778 300 852 355 XIII.
871 291 979 356 Judaei.

222 498 406 581 praemissis
430 497 496 563 Nos
519 496 611 563 decet
632 496 776 579 vestigiis
799 496 977 576 inhaerere,
1000 501 1170 579 pensantes
1200 497 1296 562 etiam
1325 498 1416 562 utilia

216 594 255 669 ‘et
278 610 368 686 grata
389 604 530 685 ipsorum
551 600 746 667 ludaeorum
761 602 903 683 seruitia,
927 619 1008 683 quae
1026 601 1188 667 Maiestati
1210 601 1346 667 Nostrae
1367 600 1429 666 re-'

221 709 350 774 troactis
373 707 521 773 exhibere
542 706 738 789 temporibus
762 712 794 771 et
815 704 998 789 frequenter
1022 706 1157 772 Nostrae
1181 725 1324 771 camerae
1353 726 1416 772 non

223 813 371 880 desinunt
392 812 551 891 exhibere,
576 811 758 892 supradicta
780 810 947 891 privilegia
977 814 1010 875 et
1032 811 1137 875 omnia
1167 814 1200 875 et
1229 811 1354 891 singula
1382 812 1416 875 iu

222 918 268 983 eis
290 921 438 983 contenta
461 916 650 983 auctorItate
671 915 822 980 Boemiac
843 915 932 997 regia
957 911 1159 994 ratificamus,
1193 915 1414 997 approbamus,

220 1024 405 1088 innovemus
428 1026 460 1086 et
482 1040 521 1086 ex
543 1024 629 1086 certa
651 1021 785 1087 scientia
806 1024 916 1084 tenore
938 1020 1153 1102 praesentium
1183 1017 1413 1100 confirmamus,

221 1128 363 1195 adinstar
396 1127 499 1192 clarae
531 1125 702 1193 memoriae
736 1125 870 1191 illustris
905 1124 1064 1207 quondam
1085 1123 1241 1190 Iohannis
1266 1124 1416 1191 BoemIac

220 1233 315 1313 regIs,
339 1232 489 1313 genitoris
511 1230 622 1297 Nostri
643 1230 761 1311 dilecti,
786 1230 841 1311 qui
864 1230 931 1295 suis
953 1249 992 1294 ea
1013 1229 1139 1309 litteris,
1164 1248 1243 1310 quas
1266 1229 1414 1309 vidimus,

223 1336 370 1402 similiter
391 1332 596 1401 confirmaVIt.

325 1439 413 1504 Nulli
437 1457 511 1521 ergo
541 1441 666 1505 omnino
696 1439 859 1504 hominum
881 1440 976 1506 liceat
997 1440 1079 1504 hanc
1105 1439 1254 1522 pagiuam
1277 1438 1413 1505 Nostrae

195 1559 197 1570 ·
221 1545 401 1611 Maiestatis
423 1544 592 1628 infringere
615 1546 665 1611 vel
687 1545 717 1610 ei
740 1546 853 1638 quovis
875 1563 956 1610 ausu
978 1544 1145 1609 temerario
1172 1547 1338 1611 contraire,
1378 1544 1413 1609 Si

159 1658 162 1671 ‘
221 1652 291 1733 quis
319 1656 425 1717 autem
455 1650 646 1716 contrarium
672 1653 860 1731 attemptare
881 1649 1140 1732 praesumpserit
1163 1648 1414 1731 indignationem

131 1786 132 1793 κ
219 1754 369 1821 Nostram
391 1756 609 1837 gravissimam
624 1759 657 1819 et
670 1773 804 1837 poenam
821 1754 1049 1837 quinquagInta
1063 1772 1241 1819 marcarum
1255 1754 1326 1818 auri
1341 1754 1413 1835 puri

219 1859 350 1941 tociens,
375 1860 524 1943 quociens
547 1859 775 1926 contrafactum
796 1858 901 1940 fucrit,
924 1877 961 1924 eo
986 1860 1057 1942 ipso
1088 1877 1124 1924 se
1154 1859 1278 1924 noverit
1307 1858 1411 1923 inem·-

114 2042 115 2052 χ
220 1985 338 2045 surum,
372 1966 544 2031 medietate
574 1965 755 2031 huiusmodi
790 1983 934 2030 camerae
967 1959 1029 2029 seu¹
1060 1960 1130 2028 fisci
1159 1962 1268 2029 Nostri
1297 1963 1413 2045 regalis

219 2070 377 2149 Boemiae‚
410 2070 532 2152 reliqua
565 2088 640 2135 vero
673 2071 832 2153 laesorum
861 2070 912 2134 vel
933 2070 1013 2134 laesi
1043 2068 1156 2134 usibus
1183 2067 1412 2151 applicandam,

321 2174 432 2240 Testes
446 2174 540 2239 huius
557 2179 644 2241 sunt:
660 2174 797 2239 Illustris
807 2173 1014 2239 Wenceslaus
1023 2173 1309 2254 Lucemburgensis
1319 2175 1351 2236 et
1358 2170 1378 2235 J
1380 2190 1413 2235 o-

218 2279 338 2344 hannes
361 2278 642 2363 Maydeburgensis
666 2283 698 2344 et
712 2278 908 2345 Brabanciae
923 2278 996 2358 dux,
1019 2277 1118 2342 frater
1135 2276 1260 2356 Noster,
1283 2294 1413 2342 venera-

218 2383 297 2448 biles
329 2382 491 2448 Johannes
522 2382 753 2462 Olomuccnsis,
784 2381 946 2447 Iohannes
976 2381 1248 2465 Luthomysleusis
1279 2384 1312 2445 et
1333 2381 1413 2445 Teo·

219 2487 325 2552 dricus
347 2486 523 2552 Mindensis
541 2487 692 2570 episcopi,
715 2486 856 2551 illustres
871 2485 1059 2552 Wilhelmus
1074 2486 1215 2551 marchio
1231 2484 1411 2562 Misnensis,

217 2591 318 2655 Bollro
340 2588 647 2673 Falkemburgensis,
669 2589 816 2655 Przimko
830 2590 1029 2656 Tessnieusis
1051 2594 1083 2654 et
1100 2590 1201 2655 Bolko
1228 2588 1411 2671 Opoliensis

218 2696 324 2775 duces,
358 2696 547 2777 spectabiles
584 2694 733 2763 Albcrtus
770 2695 884 2775 senior,
922 2694 1072 2761 Albertus
1113 2695 1217 2760 iunior
1252 2694 1412 2777 principes

217 2798 395 2865 AschanIae
418 2800 458 2865 de
476 2799 603 2879 Anhalt,
623 2798 812 2865 Wilhelmus
834 2800 875 2865 de
899 2798 1160 2881 Kaczenelbogen
1189 2803 1222 2863 et
1251 2798 1411 2863 Johanues

216 2904 499 2989 Maydeburgensis
522 2904 661 2985 comites,
684 2904 806 2971 nobiles
833 2904 948 2969 Sbinco
971 2904 1011 2969 de
1026 2902 1245 2969 Hasemburch
1260 2906 1293 2968 et
1307 2902 1411 2967 Busco

216 3006 455 3088 deWilharticz,
468 3009 611 3091 magistri
621 3028 765 3075 camerae
777 3009 924 3087 Nostrae,
936 3007 1092 3073 Rudolius
1105 3008 1145 3072 de
1153 3007 1260 3072 Wart.
1271 3056 1278 3073 .
1289 3057 1308 3088 .,
1321 3006 1410 3071 Timo

218 3110 258 3177 de
282 3110 408 3177 Coldicz
432 3118 465 3179 et
492 3114 548 3179 alii
572 3114 794 3197 quamplures
817 3111 1067 3178 fidelcsNostri.

302 3218 538 3302 'Praesentium
571 3220 630 3285 sub
659 3219 746 3285 bulla
779 3237 886 3300 aurea,
919 3217 1043 3301 typario
1074 3217 1210 3281 Nostrae
1236 3216 1409 3298 imperialis

217 3318 396 3386 Maiestatis
419 3321 583 3404 impressa,
614 3322 794 3387 testimonio
816 3322 1001 3387 litterarum.

320 3425 438 3490 Datum
460 3426 493 3490 in
508 3429 611 3490 castro
626 3424 757 3491 Stouien
772 3443 853 3491 anno
869 3425 990 3489 domini
1005 3425 1173 3490 millcsImo
1187 3424 1408 3491 trecentesimo

219 3527 478 3611 quinquagesImo
499 3534 598 3610 serto,
620 3530 659 3595 Π.
683 3529 844 3595 Kalendas
861 3528 1018 3610 Octobris,
1038 3548 1207 3612 regnorum
1221 3530 1408 3594 Nostrorum

218 3649 298 3695 anno
321 3633 496 3714 undecimo,
519 3634 644 3716 imperii
667 3652 741 3699 vero
765 3633 913 3699 secundo.
1190 3720 1204 3736 ν

322 3735 393 3801 (eoa
411 3738 498 3791 memb.
519 3738 601 3806 Prup.
620 3737 741 3790 ciuitatis.
763 3766 791 3775 -
812 3736 1090 3803 Rocszlcer.174.
1116 3767 1149 3775 -
1177 3738 1332 3804 Odakoorkp'
1355 3740 1407 3801 63.)

319 3840 598 3925 Pririlegium
621 3862 640 3907 a
662 3862 763 3925 rege
785 3841 1029 3909 Wenceslao
1059 3843 1112 3909 IV.
1143 3841 1320 3909 Iudaeis
1342 3844 1407 3907 im-

216 3944 428 4025 pertitum.
455 3948 547 4013 1393.
581 3948 630 4011 14.
654 3946 752 4013 Iunii.

317 4047 387 4112 Wir
409 4048 585 4117 Weuczlaw
600 4071 661 4118 von
676 4057 767 4133 gotes
785 4052 929 4133 genadcu
947 4051 1133 4117 Romischer
1146 4052 1254 4133 kunig,
1269 4071 1310 4114 zu
1324 4051 1408 4116 allen

215 4152 336 4216 czeiten
359 4170 462 4217 merer
484 4154 540 4218 des
562 4155 667 4221 reichs
689 4155 755 4220 und
777 4155 876 4237 kunig
908 4175 948 4219 uu
977 4155 1119 4236 Beheim,
1149 4157 1313 4223 bekenncn
1342 4156 1407 4221 und

214 4257 271 4317 tun
293 4254 374 4318 kunt
395 4254 583 4323 offcnlichen
604 4257 663 4323 mit
685 4258 806 4324 diesem
834 4260 924 4326 brive
952 4260 1036 4326 allen
1066 4260 1136 4341 den,
1167 4262 1219 4327 die
1247 4262 1280 4333 in
1310 4260 1408 4325 seheu

217 4356 293 4421 oder
316 4356 414 4423 boren
434 4360 531 4443 lesen,
562 4362 618 4428 das
649 4363 705 4429 wir
727 4364 785 4429 mit
815 4363 1063 4430 wolbedachtem
1088 4369 1184 4446 mute,
1214 4369 1283 4431 rate
1311 4382 1407 4430 unser
