3225 5017
376 302 441 371 Gap.
458 301 480 355 l.
498 300 554 356 Res
573 300 610 355 ad
626 302 704 371 regni
720 301 984 357 administrationem
1003 304 1168 371 spectantes.
1336 307 1368 357 lt
1455 274 1463 365 ,Ἴ
1565 278 1603 385 ff}

177 499 282 564 causis
315 496 516 581 Majestatem
546 497 667 579 regiam
708 496 976 575 concernentibus
1009 496 1100 561 vobis
1138 497 1249 563 eadem
1281 499 1369 579 regia

176 602 346 687 Majestate
377 602 538 683 praecipio
572 605 606 665 et
637 601 766 683 injungo
795 601 1015 683 praesentibus
1050 600 1179 681 seriose,
1213 605 1368 683 quatenus
1448 588 1449 591 ¹
1574 604 1589 631 l

177 726 250 772 mox
270 707 349 772 visis
371 706 593 789 praesentibus
622 705 702 770 duos
731 705 772 770 de
798 705 929 771 consilio
951 708 1058 771 vestro
1087 723 1158 770 curn
1179 705 1272 787 pleno
1295 706 1371 771 civi-

179 812 255 878 tatis
293 813 419 876 vestrae
448 828 543 892 posse
580 809 622 875 ad
658 809 813 873 discretos
843 809 937 887 viros,
975 808 1124 873 videlicet
1153 808 1371 875 Bernhardum

172 916 315 999 judicem
337 915 445 979 curiae
466 919 499 979 et
519 912 674 979 Mathiam
699 913 856 978 notarium
877 914 911 978 in
933 911 1072 994 Hradelr,
1103 913 1136 978 in
1158 912 1273 979 Misam
1296 914 1372 980 civi·
1486 956 1487 961 η

176 1024 276 1086 tatem
298 1018 368 1084 sine
389 1018 540 1083 dilatione
562 1018 703 1102 qualibet
724 1019 850 1084 mittere
880 1022 913 1083 et
938 1018 1074 1100 dirigere
1096 1016 1248 1098 debeatis,
1278 1019 1311 1083 in
1334 1037 1371 1083 eo

177 1124 296 1189 nullam
317 1122 541 1205 negligentiam
563 1123 770 1203 commissuri,
792 1126 886 1205 prout
906 1123 1153 1205 indignationem
1174 1123 1294 1205 regiam
1316 1142 1371 1189 vo·
1457 1188 1458 1197 ἢ
1515 1129 1518 1135 '
1559 1124 1606 1233 «Ἢ

178 1230 304 1295 lueritis
326 1229 454 1294 evitare

285 1333 403 1399 Datum
424 1332 601 1415 BurgleinS,
624 1332 676 1398 die
697 1330 728 1397 S.
752 1332 896 1415 Dionysii
919 1335 952 1398 et
973 1332 1130 1397 sociorum
1152 1332 1229 1415 ejus.

284 1437 441 1519 Georgius
470 1438 512 1502 de
533 1437 664 1518 Rostok,
693 1438 782 1519 regni
809 1436 958 1503 Boemiae
988 1437 1249 1517 subcamerarius,
1277 1437 1372 1519 burg·

178 1543 308 1627 gratim
329 1542 363 1607 in
384 1540 524 1618 Hradek.
628 1579 631 1582 ·

286 1681 324 1747 (R
341 1680 402 1733 ocu.
422 1679 507 1745 capte.
526 1681 604 1747 Prcp.
622 1680 645 1731 1.
662 1684 712 1733 40:
731 1681 856 1749 Pclcckpl‚
874 1682 1069 1733 remittetur
1086 1681 1124 1735 Π.
1143 1682 1213 1747 128).

284 1856 313 1920 2.
337 1854 610 1919 Wenceslaus
632 1858 691 1919 etc.

282 1959 408 2026 Fideles
430 1960 554 2025 dilectit
590 1959 811 2026 commisimus
833 1960 993 2044 Nyeproni
1015 1961 1055 2027 do
1076 1962 1205 2045 Rupes,
1237 1962 1374 2027 Busconi

179 2067 220 2131 de
241 2067 425 2149 Rysenberg
447 2070 479 2130 et
501 2065 673 2131 Bomilroni
693 2066 863 2147 burgravio
885 2063 1041 2147 Tustensi,
1069 2064 1215 2133 fidelibus
1238 2066 1372 2145 dilectis,

180 2176 214 2235 et
237 2172 284 2236 eis
307 2170 452 2235 dedimus
475 2170 627 2235 seriosius
656 2171 688 2235 in
709 2171 876 2251 mandatis,
906 2176 943 2236 ut
964 2173 1027 2254 ipsi
1056 2191 1127 2236 cum
1156 2172 1313 2238 universis
1342 2176 1375 2237 et

179 2276 312 2357 singulis
335 2274 559 2340 ecclesiasticis
589 2278 621 2339 et
651 2275 846 2341 secularibus
875 2278 908 2342 in
938 2278 1084 2343 districtu
1106 2277 1272 2360 Pylzncnsi
1303 2296 1374 2342 con-

179 2378 366 2445 sistentibus
396 2396 492 2461 super
513 2378 569 2443 ler.
594 2380 733 2445 secunda
755 2382 897 2462 proxima
926 2385 1000 2464 post
1021 2382 1218 2447 Dominicam
1240 2381 1375 2447 Laetare

179 2486 212 2549 in
235 2484 364 2549 ciutate
378 2481 496 2547 Nostra
510 2482 677 2566 Pylznensi
692 2486 858 2550 convenire
881 2490 913 2551 et
934 2486 975 2551 de
996 2505 1075 2568 pace
1096 2506 1134 2551 ac
1148 2486 1375 2569 tranquillitate

179 2587 257 2654 dicti
287 2586 450 2669 distriqtus
479 2586 605 2651 nornine
626 2586 743 2652 Nostro
768 2592 915 2668 tractare,
946 2593 978 2654 et
1007 2592 1043 2653 ut
1070 2590 1248 2672 iniquorum
1276 2591 1375 2671 repri-

179 2696 285 2758 matur
301 2691 470 2773 protervia,
493 2690 630 2757 debeant
643 2689 780 2757 finaliter
797 2693 951 2759 ordinare.
976 2693 1109 2776 Propter·
1131 2694 1215 2775 quod
1230 2694 1374 2758 volumus

180 2802 213 2863 et
240 2796 331 2862 vobis
363 2796 483 2861 seriose
516 2796 739 2878 praecipiendo
773 2797 967 2877 mandamus,
1002 2800 1158 2879 quatenus
1191 2814 1263 2862 mox
1296 2798 1374 2862 visis

180 2900 401 2984 praesentibus
423 2898 456 2964 in
479 2899 608 2964 civitate
629 2902 736 2965 vestra
757 2900 817 2964 hoc
839 2902 944 2982 ipsum
966 2902 1161 2983 proclamare
1182 2902 1318 2985 publice,
1343 2907 1375 2967 et

181 3006 222 3070 ad
242 3006 349 3071 locum
370 3021 408 3067 ac
430 3003 599 3068 terminum
613 3003 792 3085 praedictos
806 3009 930 3070 vestms
953 3005 993 3070 de
1009 3006 1139 3073 oonsilio
1161 3008 1376 3072 transmittere

181 3109 283 3176 modis
305 3108 449 3176 omuibus
471 3107 624 3189 debeatis,
647 3107 841 3174 voluntatem
854 3109 1003 3177 Nostram
1025 3112 1064 3177 ab
1081 3112 1127 3176 eis
1143 3129 1238 3193 super
1259 3111 1375 3177 talibus

181 3214 328 3280 auditui.
373 3212 434 3277 Est
462 3213 559 3278 etiam
592 3214 774 3278 intentionis
796 3213 942 3295 Nostrae,
975 3219 1012 3279 ut
1045 3216 1073 3279 si
1102 3215 1192 3281 vobis
1222 3213 1374 3280 adversus

181 3318 360 3402 quempiam
389 3316 508 3399 aliquid
530 3316 663 3382 forsitan
692 3318 844 3399 competit
869 3320 1011 3398 actionis,
1042 3318 1123 3384 hanc
1153 3330 1259 3384 coram
1281 3319 1375 3385 dictis

180 3422 305 3487 Nostris
326 3419 472 3487 fidelibus
495 3439 670 3503 proponere
693 3422 858 3502 studeatis,
882 3422 936 3505 qui
958 3422 1017 3486 hoc
1039 3423 1144 3505 ipsum
1166 3424 1207 3489 ad
1225 3422 1374 3489 Nostram

180 3526 393 3609 praesentiam
413 3526 547 3591 ulterius
562 3525 685 3591 deferre
700 3526 867 3593 debebunt.
891 3525 1020 3609 Nosque
1034 3526 1123 3593 vobis
1146 3527 1283 3610 desuper
1304 3546 1376 3612 pro-

181 3631 290 3697 videre
313 3631 492 3697 curabimus
515 3630 556 3695 de
577 3631 717 3696 remedio
739 3635 923 3714 opportuno.

284 3736 402 3801 Datum
425 3734 556 3817 Pragae,
579 3735 631 3799 die
653 3734 729 3801 VIII
751 3735 868 3817 Martii,
898 3754 1065 3818 regnorum
1087 3734 1297 3804 Nostrorum.
1315 3788 1323 3803 .
1340 3787 1348 3803 .
1366 3786 1373 3802 .

285 3837 336 3903 Ad
358 3839 495 3904 mandat
520 3838 558 3904 D.
582 3837 696 3920 Regis:
719 3839 912 3906 Wlachnico.

286 3976 325 4042 (E
343 3976 404 4029 Cool.
425 3975 510 4041 capla
529 3977 609 4045 Prag.
627 3976 649 4029 Ι.
667 3980 715 4030 4οι
732 3977 857 4043 Pclackpl,
875 3978 1070 4031 dormelbilcluer
1087 3978 1123 4031 Π.
1143 3981 1195 4029 135
1213 3980 1240 4047 a)

286 4151 315 4216 3.
339 4149 466 4216 Fideles
489 4150 612 4217 dilecti!
636 4149 858 4217 commisimus
880 4152 915 4218 B.
940 4152 980 4217 de
1002 4151 1035 4218 P.
1060 4157 1093 4220 et
1114 4151 1152 4219 K.
1170 4152 1210 4218 de
1225 4152 1276 4233 H.,
1298 4150 1376 4219 fide-

180 4256 265 4321 libus
293 4254 411 4319 nostris
433 4254 566 4334 dilectis,
598 4259 631 4320 et
660 4254 707 4318 eis
729 4255 874 4322 dedimus
904 4256 1055 4322 seriosius
1085 4257 1119 4322 in
1144 4256 1310 4338 mandatis,
1342 4262 1378 4324 ut

180 4360 243 4440 ipsi
266 4376 338 4424 curn
356 4358 512 4434 universis
526 4363 560 4423 et
574 4359 706 4441 singulis
728 4362 873 4441 personis
895 4361 1119 4427 ecclesiasticis
1135 4365 1167 4425 et
1180 4361 1374 4430 secularibus
