3225 5017
262 304 296 354 58
464 296 537 368 Cep,
547 295 568 351 Ι.
586 295 641 352 Res
659 294 695 352 ad
712 297 788 367 regni
806 296 1070 355 administrationem
1088 304 1252 370 spectantes.

256 494 375 563 ibidem
408 496 520 561 auctae
553 495 635 573 sunt,
674 490 907 559 exhereditatus
940 492 1106 575 invenerit,
1144 494 1316 562 earumdem
1345 514 1451 562 rerum

256 600 350 667 heres
372 616 443 665 esse
465 596 560 663 debet
580 596 787 679 propinquior
809 601 842 662 et
861 615 1035 680 possessor.

327 718 329 723 ’
359 722 389 788 5.
424 719 490 803 Ipsi
523 718 640 802 singuli
671 717 816 785 feudales
846 717 956 785 Nostri
988 721 1022 786 in
1045 720 1192 787 districtu
1215 721 1381 790 0111111111
1401 743 1452 790 re

256 828 395 894 sidentes
425 824 583 907 quaslibet
611 841 687 889 1111
717 827 750 888 11
776 822 862 889 feras
891 843 1016 907 parvas,
1048 828 1190 910 exceptis
1221 829 1344 911 magnis
1363 827 1450 909 feris,

255 937 333 1018 puta
355 930 466 1011 cervis,
496 927 635 994 hinnulis
658 927 762 993 ethis
792 928 950 996 similibus
972 931 1081 997 venari
1109 937 1244 1016 possunt
1265 933 1398 1008 ubilibet
1418 934 1452 999 in

254 1040 324 1123 ipso
347 1035 494 1102 districtu
515 1032 611 1113 licite,
634 1036 857 1117 praeterquam
880 1036 913 1100 in
934 1036 1093 1102 distmctis
1117 1038 1212 1103 metis
1234 1039 1339 1121 castri,
1369 1058 1451 1122 quae

255 1144 430 1228 vulgariter
450 1138 599 1221 Burgheg
621 1138 777 1220 dicuntur,
801 1158 934 1224 quarum
957 1140 1143 1208 venationes
1164 1142 1206 1208 ad
1228 1143 1452 1227 burggravium

256 1234 485 1334 dignoscuntur
506 1243 688 1329 specialiter
707 1244 875 1327 pertinere.

360 1373 389 1436 6.
413 1368 461 1433 Ex
484 1366 615 1451 speciali
644 1366 747 1449 grstia
768 1367 945 1451 adjicimus,
977 1368 1061 1453 quod
1091 1369 1118 1435 si
1148 1369 1211 1452 ipsi
1233 1368 1377 1437 feudales
1398 1370 1450 1437 vel

256 1496 365 1544 eorum
385 1474 521 1539 bominis
550 1472 584 1538 in
605 1471 713 1554 aliqua
734 1471 867 1539 emenda
896 1474 1056 1562 pecuniali
1084 1474 1118 1540 111
1143 1473 1265 1557 judicio
1287 1475 1339 1541 vel
1361 1477 1449 1541 extra

252 1581 409 1667 judicium
438 1577 618 1657 desiderint,
653 1579 689 1640 ut
719 1575 824 1659 ipsam
857 1578 1022 1644 emendam
1056 1582 1180 1645 tantum
1207 1579 1280 1663 jure
1312 1580 1450 1646 civitatis

255 1687 391 1752 Nostrae
414 1682 595 1750 (lubitensis
617 1684 785 1747 teneantur
806 1685 840 1747 et
860 1681 997 1749 debeant
1018 1683 1195 1750 emendare.

361 1810 389 1874 1.
414 1808 463 1871 De
490 1807 590 1873 berna
611 1821 686 1871 vero
714 1803 803 1887 regia
833 1804 880 1870 sic
902 1804 1109 1889 disponimus,
1141 1807 1227 1890 quod
1255 1807 1396 1874 universi
1417 1812 1450 1873 et

255 1915 371 1998 singuli
393 1911 536 1997 ejusdem
557 1910 720 1975 districtus
748 1908 871 1975 incolae
900 1910 1074 1977 secundum
1099 1906 1287 1979 solutionem
1309 1917 1449 1979 1111111-

253 2021 372 2086 tionem
395 2034 507 2082 censue
529 2014 625 2081 annui
647 2032 686 2079 ex
707 2014 852 2097 pecunia,
881 2014 977 2082 blado
1006 2017 1058 2083 vel
1080 2016 1212 2083 decimis
1234 2018 1325 2101 juxta
1347 2018 1448 2100 ipsius

255 2123 418 2189 districtus
460 2117 719 2185 consuetudinem
760 2118 924 2185 dumtaxat
964 2120 1138 2187 evenientia
1181 2122 1285 2205 ipsam
1325 2122 1448 2188 solvere

254 2229 398 2307 debeant,
420 2226 466 2291 111
489 2224 573 2307 quod
595 2222 729 2306 quilibet
750 2223 930 2305 eorundem,
954 2230 1107 2309 quantum
1127 2226 1162 2292 111
1181 2244 1277 2292 censu
1300 2229 1337 2291 ut
1357 2244 1448 2310 prae-

254 2332 379 2413 dicitur,
403 2328 541 2409 solverit,
556 2327 590 2392 in
603 2326 710 2391 media
723 2332 816 2408 perte
829 2331 953 2394 tantum
966 2348 1024 2413 pro
1043 2330 1150 2411 berna,
1174 2349 1246 2396 cum
1267 2330 1449 2414 recipienda
1480 2360 1492 2377 ι

255 2436 405 2517 evenerit,
440 2434 517 2500 dare
546 2435 579 2497 et
607 2431 731 2497 solvere
759 2434 921 2513 teneatur3
952 2435 1036 2501 rdtra
1060 2435 1145 2519 quod
1174 2436 1237 2519 ipsi
1264 2435 1388 2502 incolae
1415 2436 1449 2500 in

252 2543 340 2608 nullo
362 2540 488 2625 penitus
511 2535 678 2604 debuerint
699 2538 874 2619 aggravari.

358 2665 387 2731 8.
410 2662 471 2729 His
493 2662 601 2745 itaque
623 2661 818 2742 praenotatis
848 2664 882 2727 11
910 2661 984 2733 aliis
1000 2662 1136 2745 juribus,
1166 2663 1449 2731 consuetudinibus

254 2790 292 2839 aa
313 2767 514 2836 libertatibus
535 2766 569 2831 in
590 2764 680 2830 eduis
702 2767 736 2829 11
755 2764 829 2829 aliis
850 2765 946 2832 rebus
968 2766 1086 2833 habitis
1116 2768 1155 2834 ab
1179 2769 1308 2851 antiquo
1331 2768 1448 2835 debent

255 2881 288 2943 11
317 2874 476 2942 debebunt
503 2869 644 2937 universi
676 2872 710 2934 et
741 2869 858 2951 singuli
887 2869 1030 2936 feudales
1059 2871 1168 2938 Nostri
1196 2874 1279 2940 bona
1307 2872 1347 2939 ab
1376 2873 1449 2956 ipso

185 3036 190 3045 .
252 2985 356 3048 oestro
378 2975 543 3045 Cubitensi
571 2974 791 3058 dependentia,
822 2993 1010 3059 quocunque
1030 2976 1104 3060 jure
1138 2976 1190 3043 vel
1219 2981 1312 3059 pacto
1342 2978 1446 3060 possi-

225 3160 227 3165 ,
254 3086 365 3151 dentes
386 3084 420 3148 111
441 3084 535 3148 antea
555 3078 617 3144 frui
639 3080 672 3144 in
694 3082 883 3163 perpetuum
905 3084 938 3144 11
959 3080 1107 3162 gaudere.

357 3208 386 3272 9.
411 3203 643 3272 Committimue
668 3202 767 3283 igitur
788 3201 906 3266 illustri
928 3201 1041 3268 Oarolo
1070 3202 1244 3270 marchioni
1273 3200 1446 3282 Moraviae,

252 3309 461 3396 primogenito
476 3307 592 3373 Nostro
608 3307 792 3387 clarissimo,
816 3305 996 3389 ceterisque
1009 3306 1135 3373 Nostris
1157 3307 1393 3373 successoribus
1414 3312 1449 3373 et

252 3417 437 3484 mandamus
458 3411 614 3479 universis
636 3408 824 3476 officialibus
852 3414 886 3475 11
914 3411 1104 3493 burggravio
1125 3411 1244 3479 ibidem
1274 3409 1308 3477 in
1331 3410 1446 3479 (lubitu

253 3522 304 3588 vel
326 3520 398 3586 aliis
412 3517 538 3584 Nostris
553 3513 707 3595 fidelibus,
731 3515 952 3598 praesentibus
974 3520 1007 3581 et
1027 3515 1153 3597 futuris,
1177 3520 1334 3600 quatenus
1355 3536 1447 3601 prae-

254 3626 356 3691 dictos
384 3622 537 3702 feudales,
572 3620 741 3687 servitores
775 3624 809 3685 et
839 3620 960 3687 incolas
988 3620 1121 3687 Nostros
1150 3621 1252 3704 ipsius
1282 3622 1446 3687 (1111111111

255 3729 437 3796 Cubitensis
464 3728 497 3792 in
527 3725 731 3809 praescriptis
756 3724 882 3808 juribus
913 3730 946 3791 et
971 3723 1083 3808 gratiis
1103 3744 1167 3792 non
1191 3726 1367 3811 impediant
1387 3744 1446 3791 nec

253 3834 360 3900 sinant
389 3850 448 3915 per
477 3830 656 3915 quempiam
685 3829 842 3912 impediri,
876 3830 933 3896 sed
962 3831 1068 3912 potius
1100 3831 1134 3896 in
1166 3831 1287 3898 eisdem
1318 3848 1446 3897 manum

253 3939 391 4018 teneant,
414 3939 581 4019 protegant
602 3938 635 4000 ot
656 3933 834 4001 defendant.

360 4059 409 4125 10.
430 4056 463 4123 Si
486 4057 557 4140 quis
572 4076 647 4123 vero
662 4075 742 4122 ausu
757 4057 924 4123 temerario
941 4061 1049 4124 contra
1062 4057 1142 4123 haec
1165 4056 1328 4141 quippiam
1342 4060 1445 4122 atten-

253 4169 322 4232 tare
354 4161 611 4246 praesumpserit,
645 4162 673 4226 is
706 4161 953 4241 indignationem
989 4162 1110 4244 regiam
1143 4165 1177 4226 et
1208 4178 1304 4243 grave
1337 4179 1443 4226 rerum

254 4288 382 4337 suarum
404 4266 605 4351 dispendium
634 4267 702 4331 sine
723 4266 836 4349 quovis
865 4267 1053 4349 supterfugii
1083 4266 1236 4333 solamine
1265 4283 1300 4331 se
1321 4264 1445 4332 noverit

253 4391 460 4441 meursurum.
