3225 5017
594 326 659 397 Gap.
677 326 737 381 XII.
759 326 868 381 Stratos
885 332 914 382 et
930 328 1129 393 commercium.

370 524 397 587 7.
433 520 603 587 Stratae
624 522 971 605 septemtrionem
993 540 1153 590 versus.

369 628 462 692 1273.
500 678 506 691 .
539 676 546 691 .
580 677 587 692 .
618 625 710 693 Mart.
756 626 824 692 Nos
855 625 1025 693 Ottooarus
1159 631 1322 713 cupientes
1358 632 1460 697 1161-

265 735 346 800 vitas
379 731 497 797 Nostra
529 732 616 797 Brux
646 734 705 799 sub
738 732 856 799 Nostro
885 733 971 800 felici
993 735 1146 817 regimine
1176 737 1330 821 suscipiat
1357 737 1460 803 incre-

264 842 379 919 menta,
403 838 546 922 ejusdem
569 838 707 903 civitatis
731 838 884 905 civibus.
910 889 917 904 .
942 890 949 905 .
973 839 1121 907 duximus
1148 841 1393 923 concedendum,
1423 842 1460 905 ut

161 958 163 965 ·
266 947 367 1010 strata
389 947 477 1009 trans
499 961 611 1008 nemus
641 962 699 1025 per
720 941 864 1009 Wartam
894 944 962 1010 sive
982 964 1041 1028 por
1070 946 1202 1028 Mutam,
1234 951 1461 1030 caeteraequae

266 1067 375 1116 omnes
398 1049 480 1115 aliae
503 1050 585 1130 viae,
609 1067 691 1131 quae
713 1046 795 1113 inira
817 1048 952 1114 duorum
974 1051 1113 1134 spatium
1138 1053 1309 1118 miliarium
1340 1070 1461 1116 exnunc

266 1156 383 1220 sistunt
405 1158 461 1218 aut
484 1151 552 1218 fieri
575 1153 703 1219 valeant
724 1153 756 1217 in
779 1152 896 1234 futuro,
923 1154 965 1221 ad
986 1156 1091 1238 ipsam
1121 1156 1282 1221 civitatem
1311 1154 1461 1220 Nostram

266 1260 353 1324 Brux
375 1259 518 1339 tendant,
543 1261 575 1323 et
597 1261 633 1321 ut
655 1255 731 1322 fiant
754 1261 787 1323 61
809 1255 878 1325 fieri
902 1259 1037 1326 debeant
1064 1261 1278 1344 depositiones
1309 1278 1460 1341 annonae,

267 1382 451 1448 pannorum,
476 1363 562 1443 salis,
594 1364 853 1444 caeterarumque
883 1383 994 1430 verum
1022 1366 1182 1431 venalium
1212 1384 1269 1431 seu
1298 1364 1462 1431 mercimo-

267 1470 392 1535 niorum
415 1468 626 1551 quorumlibet
647 1468 681 1531 in
704 1467 816 1534 eadem
838 1473 898 1535 etc.

315 1588 316 1593 ¹
372 1572 409 1639 (E
425 1574 536 1638 confir-in.
556 1568 643 1625 061611
660 1570 707 1625 IV.
726 1571 758 1623 ab
777 1576 913 1626 ao.1370.
932 1573 1025 1643 szol,
1047 1574 1118 1626 Karl
1134 1572 1181 1628 IV.
1200 1575 1268 1640 dipl.
1288 1569 1428 1639 ooem)

373 1714 400 1778 8.
427 1712 519 1777 1341.
544 1710 595 1777 25.
620 1710 699 1793 Aug.
724 1710 791 1777 Nos
813 1712 975 1779 Johannes
992 1733 1036 1780 oc.
1061 1713 1196 1780 Borsoni
1211 1714 1251 1781 do
1265 1713 1464 1780 Risenburch

270 1823 301 1883 61
323 1816 493 1883 heredibus
526 1817 592 1881 suis
626 1816 816 1882 indulsimus
847 1821 879 1883 et
901 1818 1102 1901 indulgemus
1135 1822 1240 1884 ratum
1274 1823 1306 1884 61
1338 1821 1465 1899 gratum

269 1925 397 1989 inantea
425 1926 579 2004 perpetuo
609 1921 757 2002 habitmi,
788 1922 874 2004 quod
906 1923 969 2006 ipsi
1002 1927 1133 1989 stratam
1163 1923 1203 1988 de
1225 1921 1332 1989 Misna
1352 1938 1465 1987 versus

269 2027 433 2092 Boemiam
455 2029 528 2091 ante
552 2027 689 2091 castrum
713 2023 827 2107 Ossek,
848 2027 1022 2108 uolgariter
1038 2027 1157 2094 dictum
1172 2026 1380 2106 Risenburoh,
1395 2029 1465 2091 tsn-

270 2132 405 2211 dentom,
427 2134 515 2195 trans
538 2130 646 2195 villam
669 2130 786 2196 dictam
810 2128 896 2197 Grab
919 2130 960 2195 ad
973 2129 1202 2197 monasterium
1226 2129 1331 2198 Ossek
1346 2134 1465 2215 cyster-

271 2237 387 2301 ciensis
406 2236 525 2301 ordinis
541 2235 751 2317 pertinentem
767 2253 863 2300 causa
879 2236 1035 2301 commodi
1050 2242 1083 2300 et
1097 2236 1325 2301 meliorationis
1340 2234 1465 2301 viarum

268 2341 506 2421 transtulerunt,
529 2344 565 2404 ut
586 2340 705 2406 ibidem
728 2340 844 2421 singuli
866 2340 1043 2407 voluntarie
1058 2341 1194 2406 transire
1209 2341 1373 2423 cupientes
1397 2340 1466 2405 sine

270 2444 448 2525 interdicto,
481 2444 668 2510 inhibitione
709 2464 746 2510 ac
782 2444 1007 2527 impedimento
1046 2445 1187 2528 quolibet
1222 2448 1394 2525 transeant,
1434 2448 1468 2510 61

272 2549 356 2633 quod
378 2549 484 2613 nullus
506 2548 547 2613 ad
570 2549 702 2615 eandem
736 2553 868 2614 stratam
899 2554 1007 2615 contra
1036 2550 1231 2617 voluntatem
1260 2552 1467 2632 spontaneam

273 2654 487 2737 compellatur.
520 2654 565 2719 Ut
587 2657 693 2719 autem
716 2654 837 2723 dictum
858 2654 1031 2721 Borsonem
1053 2653 1087 2720 et
1107 2654 1241 2721 heredes
1264 2672 1338 2720 suos
1362 2658 1467 2720 custo-

273 2761 353 2840 diae,
377 2759 596 2841 gubernationi
613 2763 646 2824 ct
667 2759 890 2842 tranquillitati
906 2760 994 2842 pacis
1009 2760 1114 2825 dictae
1138 2763 1257 2825 stratae
1280 2763 1312 2824 et
1333 2759 1467 2823 aliarum

272 2869 443 2930 stratarum
466 2862 648 2944 diligentius
670 2863 838 2945 invigilare
860 2864 997 2930 delectet
1025 2867 1058 2929 ot
1081 2864 1240 2946 quoslibet
1261 2863 1339 2929 inibi
1364 2866 1468 2927 trans-

273 2972 384 3034 euntes
411 2985 449 3033 eo
477 2968 591 3033 melius
621 2967 744 3049 possint
766 2985 948 3049 agnoscere,
981 2967 1061 3049 ipsis
1092 2967 1239 3032 similiter
1267 2967 1468 3048 indulsimus,

272 3077 309 3137 ut
329 3091 425 3138 unam
447 3071 624 3136 custodiam
646 3090 703 3137 sou
724 3074 855 3135 wartam
869 3071 903 3135 in
922 3070 1009 3136 dicta
1025 3074 1134 3151 strata,
1157 3071 1215 3137 nbi
1230 3072 1309 3153 ipsis
1323 3075 1357 3137 et
1370 3089 1469 3153 regno

272 3176 389 3242 Nostro
410 3177 512 3259 magis
535 3176 705 3259 expediens
729 3175 833 3241 visum
855 3174 960 3255 fuerit,
977 3175 1092 3255 locent,
1108 3175 1141 3239 in
1157 3194 1258 3258 eaque
1272 3175 1470 3241 theolonium

270 3282 424 3348 hactenus
446 3284 609 3364 receptum
630 3281 816 3363 percipiant,
840 3279 989 3344 videlicet
1011 3298 1030 3343 a
1052 3280 1194 3363 quolibet
1216 3298 1298 3364 equo
1319 3298 1470 3345 curruum

273 3405 328 3451 sex
350 3384 518 3466 hallenses,
549 3388 582 3450 61
610 3403 731 3449 merces
754 3384 786 3448 in
810 3384 954 3449 cunibus
985 3386 1125 3451 iacentes
1159 3384 1228 3450 sine
1253 3383 1413 3450 theolonio
1437 3387 1471 3449 61

272 3490 491 3556 aestimatione
513 3492 684 3569 transeant,
717 3489 857 3572 exceptis
880 3488 1032 3554 allecibus
1056 3493 1089 3553 61
1110 3489 1261 3572 piscibus,
1289 3488 1469 3571 dequibus

271 3597 377 3678 ipsum
398 3594 553 3676 recipiant
574 3592 778 3672 theolonium‚
802 3593 885 3659 sicut
906 3612 927 3658 a
947 3593 1118 3660 retroactis
1139 3595 1335 3678 temporibus
1351 3597 1401 3659 est
1420 3612 1471 3659 ro-

155 3754 164 3761 .
273 3704 409 3783 ceptum.
997 3713 1081 3783 (orep.
1100 3733 1121 3769 c.
1140 3734 1163 3769 r.
1181 3715 1252 3769 acu
1271 3717 1324 3769 aar.
1349 3714 1436 3783 Vino.)

377 3857 406 3921 9.
437 3852 737 3921 Oommercium
759 3872 831 3937 per
852 3852 1035 3920 Albeam.

378 3977 586 4044 Wenceslaus
609 4015 652 4023 —
673 3980 783 4042 notum
805 3975 948 4056 iacimus,
973 3976 1058 4059 quod
1082 3995 1153 4042 cum
1175 3976 1295 4042 dudum
1320 3978 1473 4060 magister

277 4084 401 4163 civium,
428 4083 574 4148 consules
597 4086 630 4146 61
647 4082 746 4165 jurati
770 4080 907 4145 civitatis
930 4079 1218 4146 Luthonrerioensis
1242 4132 1249 4145 .
1274 4131 1281 4145 .
1307 4132 1313 4146 .
1346 4101 1366 4146 a
1392 4085 1471 4148 tem-

277 4207 364 4271 pore,
389 4188 478 4273 cujus
502 4188 694 4252 contrarium
712 4187 745 4251 in
760 4185 912 4251 memoria
934 4184 1096 4250 hominum
1118 4203 1180 4249 non
1203 4185 1319 4266 existit,
1343 4185 1470 4269 deposi-

277 4292 396 4357 tionem
417 4292 502 4375 1111.
526 4291 644 4357 dictam
665 4290 830 4371 niederlag
850 4289 1078 4355 frumentorum
1100 4293 1133 4354 et
1154 4289 1288 4355 aliarum
1308 4291 1470 4372 mercium,

279 4397 312 4461 in
327 4396 565 4479 quibuscunque
580 4398 675 4464 rebus
692 4395 875 4476 consistant,
903 4395 971 4462 sive
985 4414 1043 4478 per
1060 4395 1185 4462 alveum
1201 4394 1323 4462 Albeae
1345 4413 1471 4461 sursum
