3225 5017
262 343 294 390 22
464 336 529 405 Cap.
548 337 568 389 I.
587 336 641 389 Res
661 335 696 389 ad
713 335 789 404 regni
808 333 1071 388 administrationem
1090 336 1254 403 spectantes,

261 529 348 582 Berca
366 526 448 581 Glacz
466 526 624 597 resignabit,
641 532 707 581 tunc
723 526 887 580 Wilhelmns
905 524 939 580 de
956 524 1125 580 Laudestein
1142 522 1286 580 Vroburch
1308 520 1343 575 ad
1361 536 1457 575 manus

261 613 354 684 regias
372 613 525 682 assignabit
543 618 620 669 1318.

259 840 262 847 .
365 792 407 843 24.
427 786 588 843 Castrum
606 788 723 843 Woiic
743 788 826 858 (281),
844 786 1092 844 rersnsmeridiem
1109 784 1458 841 intrchneioretTabor

262 875 353 932 situm.
382 881 458 929 1412.
485 874 603 931 Vtcslar
621 874 683 929 kral
700 876 795 947 zapsal
813 875 883 931 brad
899 875 994 931 Votici
1011 894 1028 931 r
1045 876 1106 932 ztst
1106 876 1157 930 ave
1175 889 1205 929 se
1223 872 1292 929 vsim
1308 872 1457 944 pitsluien-

261 964 342 1019 strtm
359 961 587 1019 Anselmovietc.
553 962 700 1031 t.(Aroh
717 960 830 1032 1332).

364 1126 407 1175 23.
426 1119 587 1175 Castrum
605 1120 757 1175 Bernart
775 1120 841 1190 (32),
859 1121 938 1189 cnjus
957 1120 1027 1175 situs
1044 1116 1126 1174 hodie
1144 1118 1293 1188 ignoratur.

367 1283 409 1333 26.
419 1276 579 1334 Castrum
591 1278 641 1336 Ha
649 1294 661 1335 s
670 1277 833 1335 seustein
844 1278 910 1349 (32),
921 1293 1017 1333 versus
1027 1276 1173 1333 saxoniam
1181 1276 1210 1332 in
1219 1276 1357 1332 montibus
1367 1273 1457 1331 situm.

365 1457 407 1508 27.
421 1452 581 1508 Castrum
600 1454 618 1508 J
624 1452 777 1510 anowicz
791 1456 874 1524 (372).
894 1459 960 1509 1327
974 1454 1098 1509 Joannes
1109 1470 1172 1509 rex:
1191 1453 1264 1522 quod
1277 1452 1351 1506 fideli
1363 1456 1458 1505 nostro

260 1540 340 1595 Petro
359 1538 394 1595 de
405 1538 581 1595 Rosenberch
600 1548 720 1595 castrum
732 1546 856 1596 nostrum
869 1541 1007 1596 Janowicz
1025 1557 1086 1595 curn
1099 1542 1224 1596 omnibus
1242 1539 1321 1593 bonis
1335 1544 1363 1592 et
1373 1537 1458 1593 homi·

260 1628 351 1693 nibus
360 1626 396 1682 ad
413 1627 504 1697 ipsum
523 1628 720 1699 spectantibus,
743 1645 803 1684 cum
822 1628 921 1697 quibus
946 1627 982 1682 ad
999 1627 1137 1697 quondam
1154 1629 1290 1682 Joannem
1308 1623 1343 1679 de
1360 1625 1414 1690 J-
1431 1629 1459 1677 et

260 1713 376 1770 heredes
397 1730 462 1769 suos
481 1719 509 1769 et
526 1720 725 1785 consequenter
743 1714 779 1769 ad
796 1731 848 1770 nos
861 1720 888 1769 et
900 1731 1013 1784 regnum
1031 1721 1154 1771 nostrum
1167 1714 1296 1769 Bormiae
1308 1713 1458 1783 spectabat,

260 1800 431 1857 vendidimus
455 1817 505 1873 pro
530 1808 599 1857 2240
623 1819 681 1858 sex.
705 1820 754 1873 gr,
781 1802 1017 1874 supperaddentes
1041 1802 1201 1871 thelonium,
1227 1798 1301 1870 quod
1323 1799 1403 1854 nobis
1429 1798 1459 1849 in

261 1888 362 1960 oppido
390 1888 462 1943 dicto
486 1889 597 1961 Nyrzko
626 1894 653 1944 et
680 1889 715 1943 ad
741 1890 832 1960 ipsum
855 1905 969 1959 regnum
992 1888 1120 1943 Boemiae
1146 1888 1301 1959 pertinebat
1324 1884 1459 1955 (Pangerl,

262 1975 454 2046 Goldenkron3
472 1975 565 2032 Emler
582 1976 630 2031 III.
651 1979 737 2046 1339.)

366 2157 407 2207 28.
427 2151 587 2207 Castrum
609 2149 754 2206 Tachow
773 2151 856 2221 (398),
873 2149 902 2204 in
917 2149 1017 2204 finibus
1029 2142 1158 2206 Boemiae
1176 2163 1272 2226 versus
1290 2145 1458 2204 occidentem

262 2237 352 2295 situm.
389 2239 435 2295 Ca.
455 2253 479 2293 a.
498 2243 565 2293 1285
582 2236 762 2292 Wenceslaus
779 2238 815 2291 H.
833 2253 882 2291 rex
900 2236 1010 2292 domino
1032 2235 1066 2291 de
1084 2235 1206 2291 Zeberch
1228 2236 1334 2290 remisit
1351 2251 1458 2290 omnem

261 2327 368 2399 culpam
386 2333 414 2381 et
433 2340 539 2380 omnem
557 2340 708 2393 excessum,
726 2339 807 2395 quem
825 2317 998 2379 commiserat
1015 2324 1183 2395 temporibus
1195 2323 1317 2379 Ottacari
1332 2322 1414 2392 regis,
1431 2326 1459 2376 et

260 2413 371 2468 favebat
389 2414 423 2479 ei,
441 2412 513 2481 quod
531 2412 560 2466 in
572 2412 648 2466 curia
659 2412 784 2483 proxima
802 2418 888 2468 testes
901 2417 928 2467 et
940 2412 1081 2483 privilegia
1098 2410 1247 2482 producere
1265 2408 1364 2466 debeat
1376 2424 1459 2479 super

262 2498 371 2553 civitate
395 2512 427 2552 ac
451 2504 541 2553 castro
565 2498 594 2551 in
611 2497 727 2553 Tachow
752 2504 780 2552 et
803 2498 864 2552 aliis
883 2498 962 2553 bonis
985 2498 1094 2553 ibidem.
1119 2530 1153 2537 -
1176 2504 1253 2553 1297.
1275 2491 1459 2553 Albertus'de

260 2585 378 2642 Seberch
394 2591 513 2640 castrum
525 2590 553 2639 et
564 2584 699 2640 civitatem
710 2584 827 2641 Tachow
844 2586 993 2656 resignavit
1004 2586 1062 2655 regi
1074 2586 1155 2656 (Eml.
1166 2586 1215 2641 111.
1229 2591 1304 2653 1331,
1323 2586 1411 2655 1736.)
1425 2614 1459 2623 -

261 2673 383 2728 Litterae
401 2671 516 2727 Batonis
535 2670 568 2726 de
586 2670 670 2725 Plane
687 2671 705 2726 i.
724 2687 748 2726 6,
767 2671 800 2727 16
819 2672 923 2727 Seberlr
941 2673 975 2727 ab
994 2687 1066 2727 anno
1084 2679 1163 2742 1361,
1185 2674 1283 2743 quibus
1301 2672 1411 2741 fatetur,
1428 2689 1459 2728 se

262 2759 361 2816 debere
385 2765 400 2813 6
424 2774 516 2829 sexag.
539 2756 694 2813 reddituum
718 2773 753 2813 ex
774 2758 840 2813 villa
856 2759 951 2828 Longe
968 2757 1095 2813 Dorflein
1114 2763 1187 2829 (399)
1211 2758 1247 2814 ad
1270 2766 1391 2816 castrum
1407 2758 1460 2813 Ta-

261 2846 413 2906 chowieuse
430 2846 585 2918 pertinente
604 2844 658 2914 (Ex
675 2844 749 2899 arch.
767 2844 883 2915 Karist.)

367 3027 409 3077 29.
438 3019 598 3076 Castrum
625 3017 872 3088 Laudeswart,
898 3021 1005 3090 Most,
1030 3021 1137 3089 Brux,
1165 3020 1200 3074 ad
1227 3020 1459 3077 Gnevin-Pontem

263 3123 346 3180 super
371 3106 453 3161 flurin
477 3106 574 3161 Belina
598 3106 688 3161 situm.
714 3112 788 3160 1323.
813 3107 921 3162 Soabiui
943 3108 1061 3163 civitatis
1083 3107 1230 3163 Pontensis
1252 3116 1460 3179 recognoscunt,

262 3194 335 3267 quod
353 3200 428 3251 totae
444 3192 610 3249 hereditates
629 3193 712 3249 castri
729 3193 853 3259 feodales
868 3195 1015 3250 Pontensis
1033 3196 1153 3251 clanstro
1177 3195 1206 3250 in
1224 3195 1255 3251 Z.
1273 3202 1301 3251 et
1318 3198 1459 3253 sororibus

261 3284 290 3337 in
308 3281 405 3337 eodem
423 3280 519 3352 plenas
538 3281 573 3336 ab
590 3279 703 3349 antiquo
722 3279 842 3336 decimas
860 3281 1015 3337 tribuerunt
1032 3280 1113 3352 (Eml.
1130 3283 1178 3337 111.
1198 3285 1285 3353 1166.)
1317 3284 1459 3339 133116-

262 3384 349 3427 annes
366 3385 429 3425 rex:
453 3366 533 3422 villae
552 3367 676 3438 Czeprun
701 3370 756 3439 (27)
780 3368 815 3422 ad
832 3369 1036 3439 burgrariatnm
1060 3370 1144 3426 castri
1168 3370 1256 3425 nostri
1272 3369 1460 3439 Landeswart,

262 3456 336 3527 quod
354 3456 407 3513 alio
426 3454 535 3510 nomine
552 3455 628 3510 Brux
645 3454 753 3529 dicitur,
771 3456 943 3528 pertinentis.
962 3456 1042 3526 (Emi.
1060 3457 1108 3513 III.
1128 3465 1215 3527 1866.)

368 3638 410 3687 36.
424 3630 584 3685 Castrum
597 3630 709 3701 Klape
722 3633 787 3702 (44).
801 3638 877 3687 1336.
889 3632 1013 3688 Joannes
1025 3624 1087 3688 rex':
1099 3631 1158 3689 Nos
1171 3630 1327 3688 vendidisse
1338 3639 1458 3688 casuum

262 3717 352 3791 Klepy
370 3724 398 3774 et
415 3717 506 3773 villam
523 3718 614 3789 Klepy
632 3719 687 3787 (44)
707 3718 758 3773 sub
776 3720 838 3789 ipso
857 3724 948 3775 castro
966 3720 1047 3775 sitam
1065 3736 1126 3774 cum
1143 3719 1223 3776 bouis
1241 3735 1274 3774 ac
1290 3719 1361 3775 villis
1375 3720 1458 3775 Lubi-

263 3806 380 3862 chowicz
398 3807 453 3875 (44)
472 3805 622 3861 munitione
639 3820 671 3860 ac
689 3805 798 3876 oppido,
820 3806 1010 3864 Radorressicz
1028 3810 1094 3878 (44),
1114 3806 1208 3863 Lhota
1224 3812 1252 3863 et
1268 3807 1378 3879 Poplzie
1392 3809 1458 3877 (44),

263 3894 427 3949 molendinis
450 3893 478 3947 in
496 3899 612 3962 utroque
629 3892 709 3949 litore
726 3892 803 3947 fluvii
820 3892 885 3948 dicti
901 3892 975 3963 Egra
993 3935 1000 3950 .
1019 3936 1026 3950 .
1044 3936 1051 3950 .
1076 3895 1174 3965 quibus
1193 3893 1228 3950 ad
1246 3894 1406 3966 Hynconem
1423 3893 1459 3949 de

262 3982 371 4051 Sleben,
389 3996 406 4035 a
424 3995 477 4048 quo
496 3980 558 4050 ipsa
574 3981 648 4033 bona
666 3979 789 4051 emimus,
814 3987 841 4035 et
858 3986 1058 4051 consequenter
1075 3979 1111 4035 ad
1128 3998 1179 4038 nos
1199 3983 1368 4052 spectabant,
1390 3981 1459 4036 Hin-

263 4068 326 4124 coni
343 4066 444 4139 Lepori
462 4066 496 4121 de
513 4064 640 4135 Waldek‚
658 4066 767 4123 domino
785 4068 815 4122 in
831 4067 957 4124 Mendico
977 4111 983 4124 .
1002 4110 1009 4123 .
1028 4110 1035 4123 .
1054 4069 1153 4139 (Pelzel
1169 4069 1204 4127 K.
1223 4068 1286 4123 Cari
1303 4070 1407 4140 CLXI.)

369 4246 410 4297 31.
437 4238 599 4295 Castrum
625 4240 723 4297 Velis
753 4242 836 4313 (120).
872 4243 995 4300 Joannes
1023 4258 1085 4298 rex:
1112 4244 1254 4300 committit
1278 4244 1398 4300 Hinconi
1423 4242 1459 4299 de

263 4329 400 4385 Walstein
425 4334 559 4395 ,castrum
583 4334 708 4386 nostrum
725 4328 827 4387 Weliss
852 4346 912 4385 cunr
931 4331 1038 4388 duobus
1056 4332 1155 4387 aratris
1178 4331 1207 4385 in
1224 4332 1289 4388 villa
1306 4332 1407 4388 Weliss
1431 4338 1459 4386 et

263 4418 326 4471 villa
343 4416 497 4473 Buchonicz
515 4432 575 4470 oum
588 4416 690 4472 Elhota
703 4418 766 4472 villa
784 4425 812 4473 et
825 4418 958 4487 judicium
977 4418 1012 4474 ad
1029 4420 1119 4490 ipsum
1132 4426 1252 4474 castrum
1264 4419 1299 4475 de
1310 4418 1458 4491 praedictis

611 4502 627 4547 t
1064 4517 1069 4527 .
