<?xml version="1.0" encoding="UTF-8"?>
<!DOCTYPE html PUBLIC "-//W3C//DTD XHTML 1.0 Transitional//EN"
    "http://www.w3.org/TR/xhtml1/DTD/xhtml1-transitional.dtd">
<html xmlns="http://www.w3.org/1999/xhtml" xml:lang="en" lang="en">
 <head>
  <title>
</title>
<meta http-equiv="Content-Type" content="text/html;charset=utf-8" />
  <meta name='ocr-system' content='tesseract 3.04.00' />
  <meta name='ocr-capabilities' content='ocr_page ocr_carea ocr_par ocr_line ocrx_word'/>
</head>
<body>
  <div class='ocr_page' id='page_1' title='image "./codexjurisbohem02kingoog_0033.png"; bbox 0 0 3225 5017; ppageno 0'>
   <div class='ocr_carea' id='block_1_1' title="bbox 364 278 1362 376">
    <p class='ocr_par' dir='ltr' id='par_1_1' title="bbox 364 278 1362 376">
     <span class='ocr_line' id='line_1_1' title="bbox 364 278 1362 376; baseline 0.001 -17"><span class='ocrx_word' id='word_1_1' title='bbox 364 278 435 375; x_wconf 71' lang='lat' dir='ltr'><strong>Cap.</strong></span> <span class='ocrx_word' id='word_1_2' title='bbox 454 306 475 360; x_wconf 93' lang='lat'><strong>1.</strong></span> <span class='ocrx_word' id='word_1_3' title='bbox 493 305 548 361; x_wconf 88' lang='lat' dir='ltr'><strong>Ros</strong></span> <span class='ocrx_word' id='word_1_4' title='bbox 567 305 602 361; x_wconf 93' lang='lat' dir='ltr'><strong>ad</strong></span> <span class='ocrx_word' id='word_1_5' title='bbox 619 306 696 375; x_wconf 86' lang='lat' dir='ltr'><strong>regni</strong></span> <span class='ocrx_word' id='word_1_6' title='bbox 714 306 978 361; x_wconf 78' lang='lat' dir='ltr'><strong>administrationem</strong></span> <span class='ocrx_word' id='word_1_7' title='bbox 997 312 1161 376; x_wconf 78' lang='lat' dir='ltr'>spectantes.</span> <span class='ocrx_word' id='word_1_8' title='bbox 1331 313 1362 361; x_wconf 83' lang='grc'><strong>23</strong></span> 
     </span>
    </p>
   </div>
   <div class='ocr_carea' id='block_1_2' title="bbox 168 493 1363 657">
    <p class='ocr_par' dir='ltr' id='par_1_2' title="bbox 168 493 1363 657">
     <span class='ocr_line' id='line_1_2' title="bbox 169 493 1363 572; baseline 0.006 -23"><span class='ocrx_word' id='word_1_9' title='bbox 169 493 337 565; x_wconf 72' lang='grc'>1111111111</span> <span class='ocrx_word' id='word_1_10' title='bbox 354 496 383 552; x_wconf 92' lang='lat' dir='ltr'><strong>in</strong></span> <span class='ocrx_word' id='word_1_11' title='bbox 394 513 479 553; x_wconf 90' lang='lat' dir='ltr'><strong>censu</strong></span> <span class='ocrx_word' id='word_1_12' title='bbox 496 506 648 554; x_wconf 75' lang='lat' dir='ltr'><strong>samareae</strong></span> <span class='ocrx_word' id='word_1_13' title='bbox 666 498 815 568; x_wconf 84' lang='lat' dir='ltr'><strong>continent,</strong></span> <span class='ocrx_word' id='word_1_14' title='bbox 832 499 940 569; x_wconf 81' lang='lat' dir='ltr'><strong>incluso</strong></span> <span class='ocrx_word' id='word_1_15' title='bbox 951 515 1035 556; x_wconf 88' lang='lat' dir='ltr'><strong>censu</strong></span> <span class='ocrx_word' id='word_1_16' title='bbox 1048 499 1186 555; x_wconf 81' lang='lat' dir='ltr'><strong>civitatum</strong></span> <span class='ocrx_word' id='word_1_17' title='bbox 1199 506 1363 572; x_wconf 87' lang='lat' dir='ltr'><strong>nostrarum,</strong></span> 
     </span>
     <span class='ocr_line' id='line_1_3' title="bbox 168 580 855 657; baseline 0.015 -23"><span class='ocrx_word' id='word_1_18' title='bbox 168 580 222 636; x_wconf 87' lang='lat' dir='ltr'><strong>rid.</strong></span> <span class='ocrx_word' id='word_1_19' title='bbox 240 581 343 653; x_wconf 84' lang='lat' dir='ltr'><strong>Gyczin</strong></span> <span class='ocrx_word' id='word_1_20' title='bbox 361 591 389 639; x_wconf 89' lang='lat' dir='ltr'><strong>et</strong></span> <span class='ocrx_word' id='word_1_21' title='bbox 405 586 542 657; x_wconf 83' lang='lat' dir='ltr'><strong>Byczow.“</strong></span> <span class='ocrx_word' id='word_1_22' title='bbox 563 587 684 656; x_wconf 81' lang='lat' dir='ltr'><strong>(Summa</strong></span> <span class='ocrx_word' id='word_1_23' title='bbox 702 586 784 642; x_wconf 86' lang='lat' dir='ltr'><strong>Gerh.</strong></span> <span class='ocrx_word' id='word_1_24' title='bbox 802 592 855 657; x_wconf 87' lang='grc'>33.)</span> 
     </span>
    </p>
   </div>
   <div class='ocr_carea' id='block_1_3' title="bbox 271 760 1363 833">
    <p class='ocr_par' dir='ltr' id='par_1_3' title="bbox 271 760 1363 833">
     <span class='ocr_line' id='line_1_4' title="bbox 271 760 1363 833; baseline 0.004 -20"><span class='ocrx_word' id='word_1_25' title='bbox 271 766 314 814; x_wconf 84' lang='grc'><strong>32,</strong></span> <span class='ocrx_word' id='word_1_26' title='bbox 355 760 516 816; x_wconf 85' lang='lat' dir='ltr'><strong>Castrum</strong></span> <span class='ocrx_word' id='word_1_27' title='bbox 554 761 779 830; x_wconf 87' lang='lat' dir='ltr'><strong>Potenstein,</strong></span> <span class='ocrx_word' id='word_1_28' title='bbox 823 761 989 818; x_wconf 73' lang='lat' dir='ltr'><strong>hradiice</strong></span> <span class='ocrx_word' id='word_1_29' title='bbox 1029 762 1238 817; x_wconf 85' lang='lat' dir='ltr'><strong>Potenstein</strong></span> <span class='ocrx_word' id='word_1_30' title='bbox 1280 763 1363 833; x_wconf 83' lang='lat'>(136).</span> 
     </span>
    </p>
   </div>
   <div class='ocr_carea' id='block_1_4' title="bbox 167 846 1454 919">
    <p class='ocr_par' dir='ltr' id='par_1_4' title="bbox 167 846 1454 919">
     <span class='ocr_line' id='line_1_5' title="bbox 167 846 1454 919; baseline 0.006 -22"><span class='ocrx_word' id='word_1_31' title='bbox 167 849 244 900; x_wconf 80' lang='lat'>1341.</span> <span class='ocrx_word' id='word_1_32' title='bbox 280 846 394 914; x_wconf 74' lang='lat' dir='ltr'><strong>(Quarto</strong></span> <span class='ocrx_word' id='word_1_33' title='bbox 418 847 484 905; x_wconf 89' lang='lat' dir='ltr'><strong>Idus</strong></span> <span class='ocrx_word' id='word_1_34' title='bbox 507 848 596 918; x_wconf 85' lang='lat' dir='ltr'><strong>Maji).</strong></span> <span class='ocrx_word' id='word_1_35' title='bbox 632 850 723 919; x_wconf 89' lang='lat' dir='ltr'><strong>Jesco,</strong></span> <span class='ocrx_word' id='word_1_36' title='bbox 750 849 823 904; x_wconf 85' lang='lat' dir='ltr'><strong>filius</strong></span> <span class='ocrx_word' id='word_1_37' title='bbox 848 848 986 919; x_wconf 87' lang='lat' dir='ltr'><strong>quondam</strong></span> <span class='ocrx_word' id='word_1_38' title='bbox 1008 848 1115 905; x_wconf 88' lang='lat' dir='ltr'><strong>Nicolai</strong></span> <span class='ocrx_word' id='word_1_39' title='bbox 1139 849 1173 903; x_wconf 90' lang='lat' dir='ltr'><strong>de</strong></span> <span class='ocrx_word' id='word_1_40' title='bbox 1193 850 1363 918; x_wconf 81' lang='lat' dir='ltr'><strong>Potenstein,</strong></span> <span class='ocrx_word' id='word_1_41' title='bbox 1451 866 1454 873; x_wconf 89' lang='lat'>·</span> 
     </span>
    </p>
   </div>
   <div class='ocr_carea' id='block_1_5' title="bbox 161 933 1364 1875">
    <p class='ocr_par' dir='ltr' id='par_1_5' title="bbox 161 933 1364 1875">
     <span class='ocr_line' id='line_1_6' title="bbox 165 933 1363 1006; baseline 0.006 -20"><span class='ocrx_word' id='word_1_42' title='bbox 165 933 323 1002; x_wconf 79' lang='lat' dir='ltr'><strong>recognovit</strong></span> <span class='ocrx_word' id='word_1_43' title='bbox 346 976 483 991; x_wconf 90' lang='grc'><strong>......</strong></span> <span class='ocrx_word' id='word_1_44' title='bbox 509 936 695 1006; x_wconf 89' lang='lat' dir='ltr'><strong>praesentium</strong></span> <span class='ocrx_word' id='word_1_45' title='bbox 721 944 817 993; x_wconf 90' lang='lat' dir='ltr'><strong>tenore</strong></span> <span class='ocrx_word' id='word_1_46' title='bbox 843 936 987 1006; x_wconf 78' lang='lat' dir='ltr'><strong>universio,</strong></span> <span class='ocrx_word' id='word_1_47' title='bbox 1014 935 1087 1006; x_wconf 85' lang='lat' dir='ltr'><strong>quod</strong></span> <span class='ocrx_word' id='word_1_48' title='bbox 1114 952 1175 991; x_wconf 91' lang='lat' dir='ltr'><strong>cum</strong></span> <span class='ocrx_word' id='word_1_49' title='bbox 1202 936 1291 994; x_wconf 88' lang='lat' dir='ltr'><strong>dictus</strong></span> <span class='ocrx_word' id='word_1_50' title='bbox 1316 936 1363 993; x_wconf 94' lang='lat' dir='ltr'><strong>do-</strong></span> 
     </span>
     <span class='ocr_line' id='line_1_7' title="bbox 166 1018 1362 1092; baseline 0.007 -20"><span class='ocrx_word' id='word_1_51' title='bbox 166 1018 257 1074; x_wconf 91' lang='lat' dir='ltr'><strong>minus</strong></span> <span class='ocrx_word' id='word_1_52' title='bbox 274 1026 303 1074; x_wconf 92' lang='lat' dir='ltr'><strong>et</strong></span> <span class='ocrx_word' id='word_1_53' title='bbox 319 1021 426 1090; x_wconf 88' lang='lat' dir='ltr'><strong>genitor</strong></span> <span class='ocrx_word' id='word_1_54' title='bbox 442 1037 524 1078; x_wconf 66' lang='lat' dir='ltr'><strong>meus⁴</strong></span> <span class='ocrx_word' id='word_1_55' title='bbox 537 1022 566 1077; x_wconf 93' lang='lat' dir='ltr'><strong>in</strong></span> <span class='ocrx_word' id='word_1_56' title='bbox 584 1021 655 1078; x_wconf 92' lang='lat' dir='ltr'><strong>dicto</strong></span> <span class='ocrx_word' id='word_1_57' title='bbox 674 1029 764 1079; x_wconf 87' lang='lat' dir='ltr'><strong>castro</strong></span> <span class='ocrx_word' id='word_1_58' title='bbox 782 1022 953 1092; x_wconf 89' lang='lat' dir='ltr'><strong>Botenstain,</strong></span> <span class='ocrx_word' id='word_1_59' title='bbox 977 1023 1044 1079; x_wconf 79' lang='lat' dir='ltr'><strong>heu!</strong></span> <span class='ocrx_word' id='word_1_60' title='bbox 1070 1023 1245 1079; x_wconf 88' lang='lat' dir='ltr'><strong>occubuisset</strong></span> <span class='ocrx_word' id='word_1_61' title='bbox 1261 1031 1289 1079; x_wconf 93' lang='lat' dir='ltr'><strong>et</strong></span> <span class='ocrx_word' id='word_1_62' title='bbox 1307 1025 1362 1079; x_wconf 89' lang='lat' dir='ltr'><strong>sin-</strong></span> 
     </span>
     <span class='ocr_line' id='line_1_8' title="bbox 165 1107 1364 1195; baseline 0.003 -33"><span class='ocrx_word' id='word_1_63' title='bbox 165 1107 230 1176; x_wconf 84' lang='lat' dir='ltr'><strong>gula</strong></span> <span class='ocrx_word' id='word_1_64' title='bbox 252 1108 325 1163; x_wconf 90' lang='lat' dir='ltr'><strong>bona</strong></span> <span class='ocrx_word' id='word_1_65' title='bbox 347 1108 435 1178; x_wconf 88' lang='lat' dir='ltr'><strong>ipsius</strong></span> <span class='ocrx_word' id='word_1_66' title='bbox 462 1108 546 1164; x_wconf 86' lang='lat' dir='ltr'><strong>castri</strong></span> <span class='ocrx_word' id='word_1_67' title='bbox 572 1116 600 1165; x_wconf 88' lang='lat' dir='ltr'><strong>et</strong></span> <span class='ocrx_word' id='word_1_68' title='bbox 626 1109 709 1165; x_wconf 89' lang='lat' dir='ltr'><strong>etiam</strong></span> <span class='ocrx_word' id='word_1_69' title='bbox 732 1110 795 1179; x_wconf 90' lang='lat' dir='ltr'><strong>alia,</strong></span> <span class='ocrx_word' id='word_1_70' title='bbox 819 1109 944 1167; x_wconf 84' lang='lat' dir='ltr'><strong>videlicet</strong></span> <span class='ocrx_word' id='word_1_71' title='bbox 966 1111 996 1164; x_wconf 90' lang='lat' dir='ltr'><strong>in</strong></span> <span class='ocrx_word' id='word_1_72' title='bbox 1020 1109 1256 1181; x_wconf 84' lang='lat' dir='ltr'><strong>Waldenberg</strong></span> <span class='ocrx_word' id='word_1_73' title='bbox 1279 1112 1364 1195; x_wconf 59' lang='lat'><strong>(152),</strong></span> 
     </span>
     <span class='ocr_line' id='line_1_9' title="bbox 165 1193 1361 1268; baseline 0.005 -20"><span class='ocrx_word' id='word_1_74' title='bbox 165 1193 394 1265; x_wconf 85' lang='lat' dir='ltr'><strong>Seuitinberg</strong></span> <span class='ocrx_word' id='word_1_75' title='bbox 412 1197 486 1265; x_wconf 84' lang='grc'>(153)</span> <span class='ocrx_word' id='word_1_76' title='bbox 504 1202 533 1251; x_wconf 88' lang='grc'><strong>11</strong></span> <span class='ocrx_word' id='word_1_77' title='bbox 551 1196 673 1253; x_wconf 88' lang='lat' dir='ltr'><strong>Gostel</strong></span> <span class='ocrx_word' id='word_1_78' title='bbox 693 1199 765 1268; x_wconf 82' lang='grc'>(117)</span> <span class='ocrx_word' id='word_1_79' title='bbox 785 1198 948 1268; x_wconf 88' lang='lat' dir='ltr'><strong>spectantia,</strong></span> <span class='ocrx_word' id='word_1_80' title='bbox 965 1197 1001 1252; x_wconf 90' lang='lat' dir='ltr'><strong>ad</strong></span> <span class='ocrx_word' id='word_1_81' title='bbox 1019 1239 1026 1252; x_wconf 92' lang='lat'><strong>.</strong></span> <span class='ocrx_word' id='word_1_82' title='bbox 1045 1238 1052 1253; x_wconf 93' lang='lat'><em>.</em></span> <span class='ocrx_word' id='word_1_83' title='bbox 1070 1196 1205 1254; x_wconf 90' lang='lat' dir='ltr'><strong>Joannem</strong></span> <span class='ocrx_word' id='word_1_84' title='bbox 1218 1214 1309 1268; x_wconf 82' lang='lat' dir='ltr'><strong>regem</strong></span> <span class='ocrx_word' id='word_1_85' title='bbox 1327 1238 1361 1255; x_wconf 88' lang='lat'><strong>..</strong></span> 
     </span>
     <span class='ocr_line' id='line_1_10' title="bbox 161 1280 1362 1356; baseline 0.004 -22"><span class='ocrx_word' id='word_1_86' title='bbox 161 1280 224 1349; x_wconf 88' lang='lat' dir='ltr'><strong>jure</strong></span> <span class='ocrx_word' id='word_1_87' title='bbox 242 1288 271 1336; x_wconf 89' lang='lat' dir='ltr'><strong>et</strong></span> <span class='ocrx_word' id='word_1_88' title='bbox 287 1280 485 1337; x_wconf 88' lang='lat' dir='ltr'><strong>consuetudine</strong></span> <span class='ocrx_word' id='word_1_89' title='bbox 502 1288 593 1337; x_wconf 86' lang='lat' dir='ltr'><strong>terrae</strong></span> <span class='ocrx_word' id='word_1_90' title='bbox 611 1289 704 1337; x_wconf 82' lang='lat' dir='ltr'><strong>essent</strong></span> <span class='ocrx_word' id='word_1_91' title='bbox 722 1324 832 1338; x_wconf 93' lang='grc'><strong>.....</strong></span> <span class='ocrx_word' id='word_1_92' title='bbox 851 1281 987 1353; x_wconf 84' lang='lat' dir='ltr'><strong>devoluta,</strong></span> <span class='ocrx_word' id='word_1_93' title='bbox 1009 1286 1069 1356; x_wconf 86' lang='lat' dir='ltr'><strong>ipse</strong></span> <span class='ocrx_word' id='word_1_94' title='bbox 1087 1285 1213 1341; x_wconf 86' lang='lat' dir='ltr'><strong>dominus</strong></span> <span class='ocrx_word' id='word_1_95' title='bbox 1232 1302 1309 1341; x_wconf 89' lang='lat' dir='ltr'><strong>meus</strong></span> <span class='ocrx_word' id='word_1_96' title='bbox 1328 1301 1362 1340; x_wconf 83' lang='lat' dir='ltr'><strong>ex</strong></span> 
     </span>
     <span class='ocr_line' id='line_1_11' title="bbox 163 1364 1361 1443; baseline 0.007 -23"><span class='ocrx_word' id='word_1_97' title='bbox 163 1368 241 1437; x_wconf 88' lang='lat' dir='ltr'><strong>larga</strong></span> <span class='ocrx_word' id='word_1_98' title='bbox 257 1368 345 1438; x_wconf 88' lang='lat' dir='ltr'><strong>ipsius</strong></span> <span class='ocrx_word' id='word_1_99' title='bbox 362 1367 550 1423; x_wconf 89' lang='lat' dir='ltr'><strong>munificentia</strong></span> <span class='ocrx_word' id='word_1_100' title='bbox 567 1367 643 1423; x_wconf 88' lang='lat' dir='ltr'><strong>dedit</strong></span> <span class='ocrx_word' id='word_1_101' title='bbox 659 1368 735 1438; x_wconf 86' lang='lat' dir='ltr'><strong>mihi,</strong></span> <span class='ocrx_word' id='word_1_102' title='bbox 757 1368 888 1426; x_wconf 85' lang='lat' dir='ltr'><strong>fratribus</strong></span> <span class='ocrx_word' id='word_1_103' title='bbox 912 1377 941 1427; x_wconf 93' lang='lat' dir='ltr'><strong>et</strong></span> <span class='ocrx_word' id='word_1_104' title='bbox 963 1364 1110 1428; x_wconf 79' lang='lat' dir='ltr'><strong>heredibus</strong></span> <span class='ocrx_word' id='word_1_105' title='bbox 1129 1373 1196 1429; x_wconf 90' lang='lat' dir='ltr'><strong>meis</strong></span> <span class='ocrx_word' id='word_1_106' title='bbox 1220 1372 1361 1443; x_wconf 86' lang='lat' dir='ltr'><strong>praedicta</strong></span> 
     </span>
     <span class='ocr_line' id='line_1_12' title="bbox 164 1453 1360 1531; baseline 0.006 -23"><span class='ocrx_word' id='word_1_107' title='bbox 164 1455 237 1509; x_wconf 92' lang='lat' dir='ltr'><strong>bona</strong></span> <span class='ocrx_word' id='word_1_108' title='bbox 255 1463 282 1509; x_wconf 89' lang='lat' dir='ltr'><strong>et</strong></span> <span class='ocrx_word' id='word_1_109' title='bbox 299 1453 412 1510; x_wconf 81' lang='lat' dir='ltr'><strong>tradidit</strong></span> <span class='ocrx_word' id='word_1_110' title='bbox 429 1455 463 1510; x_wconf 90' lang='lat' dir='ltr'><strong>de</strong></span> <span class='ocrx_word' id='word_1_111' title='bbox 475 1455 564 1525; x_wconf 88' lang='lat' dir='ltr'><strong>gratia</strong></span> <span class='ocrx_word' id='word_1_112' title='bbox 576 1455 697 1526; x_wconf 88' lang='lat' dir='ltr'><strong>speciali,</strong></span> <span class='ocrx_word' id='word_1_113' title='bbox 715 1457 836 1527; x_wconf 83' lang='lat' dir='ltr'><strong>exceptis</strong></span> <span class='ocrx_word' id='word_1_114' title='bbox 856 1457 991 1513; x_wconf 75' lang='lat' dir='ltr'><strong>duntaxat</strong></span> <span class='ocrx_word' id='word_1_115' title='bbox 1009 1459 1110 1531; x_wconf 87' lang='lat' dir='ltr'><strong>oppido</strong></span> <span class='ocrx_word' id='word_1_116' title='bbox 1128 1460 1268 1516; x_wconf 88' lang='lat' dir='ltr'><strong>Koczen</strong></span> <span class='ocrx_word' id='word_1_117' title='bbox 1288 1462 1360 1529; x_wconf 84' lang='grc'>(173)</span> 
     </span>
     <span class='ocr_line' id='line_1_13' title="bbox 163 1542 1363 1619; baseline 0.004 -23"><span class='ocrx_word' id='word_1_118' title='bbox 163 1558 226 1597; x_wconf 92' lang='lat' dir='ltr'><strong>cnm</strong></span> <span class='ocrx_word' id='word_1_119' title='bbox 248 1542 307 1597; x_wconf 91' lang='lat' dir='ltr'><strong>suis</strong></span> <span class='ocrx_word' id='word_1_120' title='bbox 329 1542 511 1613; x_wconf 83' lang='lat' dir='ltr'><strong>pertinentiis,</strong></span> <span class='ocrx_word' id='word_1_121' title='bbox 537 1557 598 1597; x_wconf 93' lang='lat' dir='ltr'><strong>cum</strong></span> <span class='ocrx_word' id='word_1_122' title='bbox 621 1542 721 1612; x_wconf 86' lang='lat' dir='ltr'><strong>quibus</strong></span> <span class='ocrx_word' id='word_1_123' title='bbox 745 1543 883 1612; x_wconf 86' lang='lat' dir='ltr'><strong>quondam</strong></span> <span class='ocrx_word' id='word_1_124' title='bbox 910 1543 946 1599; x_wconf 90' lang='lat' dir='ltr'><strong>ad</strong></span> <span class='ocrx_word' id='word_1_125' title='bbox 972 1561 1100 1603; x_wconf 89' lang='lat' dir='ltr'><strong>coronam</strong></span> <span class='ocrx_word' id='word_1_126' title='bbox 1127 1549 1204 1618; x_wconf 82' lang='lat' dir='ltr'><strong>regni</strong></span> <span class='ocrx_word' id='word_1_127' title='bbox 1226 1548 1363 1619; x_wconf 88' lang='lat' dir='ltr'><strong>pertinere</strong></span> 
     </span>
     <span class='ocr_line' id='line_1_14' title="bbox 162 1629 1362 1705; baseline 0.003 -20"><span class='ocrx_word' id='word_1_128' title='bbox 162 1629 383 1700; x_wconf 82' lang='lat' dir='ltr'><strong>dignoscebatur,</strong></span> <span class='ocrx_word' id='word_1_129' title='bbox 399 1636 427 1685; x_wconf 91' lang='lat' dir='ltr'><strong>et</strong></span> <span class='ocrx_word' id='word_1_130' title='bbox 444 1629 515 1685; x_wconf 88' lang='lat' dir='ltr'><strong>villis</strong></span> <span class='ocrx_word' id='word_1_131' title='bbox 527 1630 714 1701; x_wconf 78' lang='lat' dir='ltr'><strong>spectantibus</strong></span> <span class='ocrx_word' id='word_1_132' title='bbox 732 1630 760 1683; x_wconf 92' lang='lat' dir='ltr'><strong>in</strong></span> <span class='ocrx_word' id='word_1_133' title='bbox 773 1637 893 1685; x_wconf 85' lang='lat' dir='ltr'><strong>castrum</strong></span> <span class='ocrx_word' id='word_1_134' title='bbox 911 1631 1035 1687; x_wconf 87' lang='lat' dir='ltr'><strong>Luticz</strong></span> <span class='ocrx_word' id='word_1_135' title='bbox 1054 1634 1127 1704; x_wconf 84' lang='grc'>(154)</span> <span class='ocrx_word' id='word_1_136' title='bbox 1147 1650 1179 1689; x_wconf 89' lang='lat' dir='ltr'><strong>ac</strong></span> <span class='ocrx_word' id='word_1_137' title='bbox 1197 1634 1257 1705; x_wconf 88' lang='lat' dir='ltr'><strong>ipso</strong></span> <span class='ocrx_word' id='word_1_138' title='bbox 1270 1641 1362 1689; x_wconf 89' lang='lat' dir='ltr'><strong>castro</strong></span> 
     </span>
     <span class='ocr_line' id='line_1_15' title="bbox 161 1717 1363 1791; baseline 0.004 -20"><span class='ocrx_word' id='word_1_139' title='bbox 161 1717 377 1773; x_wconf 88' lang='lat' dir='ltr'><strong>Botenstain</strong></span> <span class='ocrx_word' id='word_1_140' title='bbox 401 1724 429 1773; x_wconf 97' lang='grc'><strong>11</strong></span> <span class='ocrx_word' id='word_1_141' title='bbox 452 1723 553 1787; x_wconf 92' lang='lat' dir='ltr'><strong>monte,</strong></span> <span class='ocrx_word' id='word_1_142' title='bbox 575 1724 658 1788; x_wconf 90' lang='lat' dir='ltr'><strong>prout</strong></span> <span class='ocrx_word' id='word_1_143' title='bbox 681 1718 772 1787; x_wconf 88' lang='lat' dir='ltr'><strong>ipsum</strong></span> <span class='ocrx_word' id='word_1_144' title='bbox 795 1735 890 1773; x_wconf 90' lang='lat' dir='ltr'><strong>murus</strong></span> <span class='ocrx_word' id='word_1_145' title='bbox 915 1718 1008 1787; x_wconf 87' lang='lat' dir='ltr'><strong>cinxit,</strong></span> <span class='ocrx_word' id='word_1_146' title='bbox 1032 1737 1103 1790; x_wconf 89' lang='lat' dir='ltr'><strong>quae</strong></span> <span class='ocrx_word' id='word_1_147' title='bbox 1120 1721 1230 1790; x_wconf 87' lang='lat' dir='ltr'><strong>quidem</strong></span> <span class='ocrx_word' id='word_1_148' title='bbox 1254 1720 1363 1791; x_wconf 89' lang='lat' dir='ltr'><strong>singula</strong></span> 
     </span>
     <span class='ocr_line' id='line_1_16' title="bbox 161 1803 1043 1875; baseline 0.006 -18"><span class='ocrx_word' id='word_1_149' title='bbox 161 1805 222 1875; x_wconf 87' lang='lat' dir='ltr'><strong>ipsc</strong></span> <span class='ocrx_word' id='word_1_150' title='bbox 240 1804 367 1862; x_wconf 88' lang='lat' dir='ltr'><strong>dominus</strong></span> <span class='ocrx_word' id='word_1_151' title='bbox 384 1820 462 1861; x_wconf 90' lang='lat' dir='ltr'><strong>meus</strong></span> <span class='ocrx_word' id='word_1_152' title='bbox 479 1820 531 1875; x_wconf 93' lang='lat' dir='ltr'><strong>pro</strong></span> <span class='ocrx_word' id='word_1_153' title='bbox 550 1820 580 1859; x_wconf 90' lang='lat' dir='ltr'><strong>se</strong></span> <span class='ocrx_word' id='word_1_154' title='bbox 598 1811 626 1859; x_wconf 92' lang='lat' dir='ltr'><strong>et</strong></span> <span class='ocrx_word' id='word_1_155' title='bbox 643 1804 700 1862; x_wconf 91' lang='lat' dir='ltr'><strong>suis</strong></span> <span class='ocrx_word' id='word_1_156' title='bbox 719 1803 867 1861; x_wconf 89' lang='lat' dir='ltr'><strong>heredibus</strong></span> <span class='ocrx_word' id='word_1_157' title='bbox 885 1806 1043 1862; x_wconf 87' lang='lat' dir='ltr'><strong>reservavit.</strong></span> 
     </span>
    </p>
   </div>
   <div class='ocr_carea' id='block_1_6' title="bbox 267 1909 1098 1980">
    <p class='ocr_par' dir='ltr' id='par_1_6' title="bbox 267 1909 1098 1980">
     <span class='ocr_line' id='line_1_17' title="bbox 267 1909 1098 1980; baseline 0.002 -17"><span class='ocrx_word' id='word_1_158' title='bbox 267 1912 322 1979; x_wconf 68' lang='lat' dir='ltr'><strong>(Ibe</strong></span> <span class='ocrx_word' id='word_1_159' title='bbox 338 1910 403 1979; x_wconf 73' lang='lat' dir='ltr'><strong>orig.</strong></span> <span class='ocrx_word' id='word_1_160' title='bbox 421 1911 450 1963; x_wconf 77' lang='lat' dir='ltr'><strong>s&#39;n</strong></span> <span class='ocrx_word' id='word_1_161' title='bbox 468 1910 574 1963; x_wconf 68' lang='grc'>11111111</span> <span class='ocrx_word' id='word_1_162' title='bbox 592 1928 613 1962; x_wconf 86' lang='lat' dir='ltr'><strong>c.</strong></span> <span class='ocrx_word' id='word_1_163' title='bbox 630 1928 654 1963; x_wconf 86' lang='lat' dir='ltr'><strong>r.</strong></span> <span class='ocrx_word' id='word_1_164' title='bbox 677 1909 849 1964; x_wconf 64' lang='lat' dir='ltr'><strong>amoenae.</strong></span> <span class='ocrx_word' id='word_1_165' title='bbox 873 1911 941 1964; x_wconf 74' lang='lat' dir='ltr'><strong>msc.</strong></span> <span class='ocrx_word' id='word_1_166' title='bbox 961 1911 1008 1966; x_wconf 80' lang='lat' dir='ltr'><strong>JV.</strong></span> <span class='ocrx_word' id='word_1_167' title='bbox 1027 1914 1098 1980; x_wconf 80' lang='lat'><strong><em>916.)</em></strong></span> 
     </span>
    </p>
   </div>
   <div class='ocr_carea' id='block_1_7' title="bbox 153 2029 1361 4461">
    <p class='ocr_par' dir='ltr' id='par_1_7' title="bbox 153 2029 1361 4461">
     <span class='ocr_line' id='line_1_18' title="bbox 267 2029 1359 2103; baseline 0.001 -15"><span class='ocrx_word' id='word_1_168' title='bbox 267 2038 345 2089; x_wconf 80' lang='lat'>1358.</span> <span class='ocrx_word' id='word_1_169' title='bbox 364 2031 488 2086; x_wconf 87' lang='lat' dir='ltr'><strong>Joannes</strong></span> <span class='ocrx_word' id='word_1_170' title='bbox 512 2029 547 2086; x_wconf 89' lang='lat' dir='ltr'><strong>de</strong></span> <span class='ocrx_word' id='word_1_171' title='bbox 570 2029 760 2101; x_wconf 88' lang='lat' dir='ltr'><strong>Wartemberg</strong></span> <span class='ocrx_word' id='word_1_172' title='bbox 782 2030 871 2087; x_wconf 89' lang='lat' dir='ltr'><strong>dictus</strong></span> <span class='ocrx_word' id='word_1_173' title='bbox 895 2030 930 2087; x_wconf 88' lang='lat' dir='ltr'><strong>de</strong></span> <span class='ocrx_word' id='word_1_174' title='bbox 953 2031 1070 2099; x_wconf 85' lang='lat' dir='ltr'><strong>Wessel,</strong></span> <span class='ocrx_word' id='word_1_175' title='bbox 1093 2032 1271 2103; x_wconf 84' lang='lat' dir='ltr'><strong>burggravius</strong></span> <span class='ocrx_word' id='word_1_176' title='bbox 1294 2033 1359 2089; x_wconf 88' lang='lat' dir='ltr'><strong>Pra-</strong></span> 
     </span>
     <span class='ocr_line' id='line_1_19' title="bbox 159 2117 1361 2191; baseline 0.002 -18"><span class='ocrx_word' id='word_1_177' title='bbox 159 2120 255 2190; x_wconf 81' lang='lat' dir='ltr'><strong>gensis</strong></span> <span class='ocrx_word' id='word_1_178' title='bbox 272 2124 368 2175; x_wconf 92' lang='lat' dir='ltr'><strong>notum</strong></span> <span class='ocrx_word' id='word_1_179' title='bbox 384 2119 450 2173; x_wconf 85' lang='lat' dir='ltr'><strong>facit</strong></span> <span class='ocrx_word' id='word_1_180' title='bbox 467 2160 474 2173; x_wconf 94' lang='lat'>.</span> <span class='ocrx_word' id='word_1_181' title='bbox 493 2158 528 2174; x_wconf 89' lang='lat'><strong>..</strong></span> <span class='ocrx_word' id='word_1_182' title='bbox 552 2117 645 2186; x_wconf 72' lang='lat' dir='ltr'><strong>,Quod</strong></span> <span class='ocrx_word' id='word_1_183' title='bbox 665 2160 671 2173; x_wconf 94' lang='lat'><strong><em>.</em></strong></span> <span class='ocrx_word' id='word_1_184' title='bbox 690 2160 697 2173; x_wconf 91' lang='lat'><strong>.</strong></span> <span class='ocrx_word' id='word_1_185' title='bbox 715 2160 723 2173; x_wconf 92' lang='lat'><strong>.</strong></span> <span class='ocrx_word' id='word_1_186' title='bbox 742 2119 855 2175; x_wconf 86' lang='lat' dir='ltr'><strong>Carolus</strong></span> <span class='ocrx_word' id='word_1_187' title='bbox 874 2118 1059 2176; x_wconf 89' lang='lat' dir='ltr'><strong>Romanorum</strong></span> <span class='ocrx_word' id='word_1_188' title='bbox 1083 2119 1231 2191; x_wconf 89' lang='lat' dir='ltr'><strong>imperator</strong></span> <span class='ocrx_word' id='word_1_189' title='bbox 1250 2160 1259 2176; x_wconf 90' lang='lat'><strong>.</strong></span> <span class='ocrx_word' id='word_1_190' title='bbox 1276 2161 1309 2176; x_wconf 87' lang='lat'><strong>..</strong></span> <span class='ocrx_word' id='word_1_191' title='bbox 1332 2128 1361 2177; x_wconf 89' lang='lat' dir='ltr'><strong>et</strong></span> 
     </span>
     <span class='ocr_line' id='line_1_20' title="bbox 159 2203 1359 2277; baseline 0.002 -17"><span class='ocrx_word' id='word_1_192' title='bbox 159 2207 309 2262; x_wconf 89' lang='lat' dir='ltr'><strong>Bohemiae</strong></span> <span class='ocrx_word' id='word_1_193' title='bbox 331 2222 381 2261; x_wconf 85' lang='lat' dir='ltr'><strong>rex</strong></span> <span class='ocrx_word' id='word_1_194' title='bbox 398 2206 493 2261; x_wconf 90' lang='lat' dir='ltr'><strong>habita</strong></span> <span class='ocrx_word' id='word_1_195' title='bbox 510 2203 707 2261; x_wconf 88' lang='lat' dir='ltr'><strong>deliberatione</strong></span> <span class='ocrx_word' id='word_1_196' title='bbox 725 2212 832 2261; x_wconf 90' lang='lat' dir='ltr'><strong>matura</strong></span> <span class='ocrx_word' id='word_1_197' title='bbox 857 2212 884 2263; x_wconf 91' lang='lat' dir='ltr'><strong>et</strong></span> <span class='ocrx_word' id='word_1_198' title='bbox 908 2222 976 2262; x_wconf 90' lang='lat' dir='ltr'><strong>sano</strong></span> <span class='ocrx_word' id='word_1_199' title='bbox 994 2206 1156 2277; x_wconf 85' lang='lat' dir='ltr'><strong>principum,</strong></span> <span class='ocrx_word' id='word_1_200' title='bbox 1180 2207 1312 2262; x_wconf 88' lang='lat' dir='ltr'><strong>baronum</strong></span> <span class='ocrx_word' id='word_1_201' title='bbox 1332 2214 1359 2263; x_wconf 90' lang='lat' dir='ltr'><strong>et</strong></span> 
     </span>
     <span class='ocr_line' id='line_1_21' title="bbox 159 2293 1360 2367; baseline 0 -18"><span class='ocrx_word' id='word_1_202' title='bbox 159 2311 303 2367; x_wconf 89' lang='lat' dir='ltr'><strong>procerum</strong></span> <span class='ocrx_word' id='word_1_203' title='bbox 325 2294 402 2364; x_wconf 85' lang='lat' dir='ltr'><strong>regni</strong></span> <span class='ocrx_word' id='word_1_204' title='bbox 426 2294 469 2348; x_wconf 91' lang='lat' dir='ltr'><strong>sui</strong></span> <span class='ocrx_word' id='word_1_205' title='bbox 492 2293 641 2349; x_wconf 89' lang='lat' dir='ltr'><strong>Bohemiae</strong></span> <span class='ocrx_word' id='word_1_206' title='bbox 668 2295 866 2350; x_wconf 90' lang='lat' dir='ltr'><strong>communicato</strong></span> <span class='ocrx_word' id='word_1_207' title='bbox 893 2294 1016 2363; x_wconf 85' lang='lat' dir='ltr'><strong>consilio,</strong></span> <span class='ocrx_word' id='word_1_208' title='bbox 1043 2293 1261 2349; x_wconf 86' lang='lat' dir='ltr'><strong>consideratione</strong></span> <span class='ocrx_word' id='word_1_209' title='bbox 1281 2296 1360 2363; x_wconf 71' lang='lat' dir='ltr'><strong>iusta</strong></span> 
     </span>
     <span class='ocr_line' id='line_1_22' title="bbox 159 2381 1359 2453; baseline -0.003 -15"><span class='ocrx_word' id='word_1_210' title='bbox 159 2382 313 2453; x_wconf 84' lang='lat' dir='ltr'><strong>perpendit,</strong></span> <span class='ocrx_word' id='word_1_211' title='bbox 335 2382 452 2451; x_wconf 81' lang='lat' dir='ltr'><strong>qualiter</strong></span> <span class='ocrx_word' id='word_1_212' title='bbox 474 2382 548 2437; x_wconf 89' lang='lat' dir='ltr'><strong>bona</strong></span> <span class='ocrx_word' id='word_1_213' title='bbox 571 2397 640 2449; x_wconf 90' lang='lat' dir='ltr'><strong>mea,</strong></span> <span class='ocrx_word' id='word_1_214' title='bbox 664 2381 800 2436; x_wconf 86' lang='lat' dir='ltr'><strong>videlicet:</strong></span> <span class='ocrx_word' id='word_1_215' title='bbox 827 2382 957 2452; x_wconf 91' lang='lat' dir='ltr'><strong>oppidum</strong></span> <span class='ocrx_word' id='word_1_216' title='bbox 981 2381 1126 2436; x_wconf 84' lang='lat' dir='ltr'><strong>Kastelecz</strong></span> <span class='ocrx_word' id='word_1_217' title='bbox 1150 2382 1233 2452; x_wconf 83' lang='grc'>(117),</span> <span class='ocrx_word' id='word_1_218' title='bbox 1257 2381 1359 2437; x_wconf 86' lang='lat' dir='ltr'><strong>Stradi-</strong></span> 
     </span>
     <span class='ocr_line' id='line_1_23' title="bbox 159 2468 1357 2540; baseline 0 -18"><span class='ocrx_word' id='word_1_219' title='bbox 159 2469 229 2537; x_wconf 88' lang='lat' dir='ltr'><strong>nice,</strong></span> <span class='ocrx_word' id='word_1_220' title='bbox 252 2469 381 2540; x_wconf 82' lang='lat' dir='ltr'><strong>Synlrovo</strong></span> <span class='ocrx_word' id='word_1_221' title='bbox 407 2470 489 2538; x_wconf 80' lang='grc'>(118),</span> <span class='ocrx_word' id='word_1_222' title='bbox 516 2468 654 2540; x_wconf 81' lang='lat' dir='ltr'><strong>Zaborky,</strong></span> <span class='ocrx_word' id='word_1_223' title='bbox 677 2468 805 2539; x_wconf 81' lang='lat' dir='ltr'><strong>Dudleby</strong></span> <span class='ocrx_word' id='word_1_224' title='bbox 830 2472 913 2537; x_wconf 89' lang='grc'>(157),</span> <span class='ocrx_word' id='word_1_225' title='bbox 940 2469 1031 2523; x_wconf 88' lang='lat' dir='ltr'><strong>Lhota</strong></span> <span class='ocrx_word' id='word_1_226' title='bbox 1054 2483 1139 2539; x_wconf 89' lang='lat' dir='ltr'><strong>parvo</strong></span> <span class='ocrx_word' id='word_1_227' title='bbox 1157 2469 1240 2537; x_wconf 84' lang='grc'>(118),</span> <span class='ocrx_word' id='word_1_228' title='bbox 1267 2468 1357 2523; x_wconf 87' lang='lat' dir='ltr'><strong>Sucha</strong></span> 
     </span>
     <span class='ocr_line' id='line_1_24' title="bbox 159 2554 1355 2627; baseline -0.001 -17"><span class='ocrx_word' id='word_1_229' title='bbox 159 2556 258 2627; x_wconf 81' lang='lat' dir='ltr'><strong>Rybna</strong></span> <span class='ocrx_word' id='word_1_230' title='bbox 281 2559 364 2626; x_wconf 90' lang='grc'>(157),</span> <span class='ocrx_word' id='word_1_231' title='bbox 389 2555 531 2624; x_wconf 87' lang='lat' dir='ltr'><strong>Hlasnem,</strong></span> <span class='ocrx_word' id='word_1_232' title='bbox 556 2554 716 2625; x_wconf 88' lang='lat' dir='ltr'><strong>Hradiscze,</strong></span> <span class='ocrx_word' id='word_1_233' title='bbox 742 2556 788 2612; x_wconf 91' lang='lat' dir='ltr'><strong>ubi</strong></span> <span class='ocrx_word' id='word_1_234' title='bbox 815 2555 921 2627; x_wconf 90' lang='lat' dir='ltr'><strong>pridem</strong></span> <span class='ocrx_word' id='word_1_235' title='bbox 948 2564 1068 2613; x_wconf 89' lang='lat' dir='ltr'><strong>castrum</strong></span> <span class='ocrx_word' id='word_1_236' title='bbox 1094 2555 1254 2611; x_wconf 88' lang='lat' dir='ltr'><strong>Potenstein</strong></span> <span class='ocrx_word' id='word_1_237' title='bbox 1282 2558 1355 2625; x_wconf 90' lang='grc'>(156)</span> 
     </span>
     <span class='ocr_line' id='line_1_25' title="bbox 158 2641 1358 2714; baseline -0.002 -15"><span class='ocrx_word' id='word_1_238' title='bbox 158 2644 259 2711; x_wconf 85' lang='lat' dir='ltr'><strong>extitit,</strong></span> <span class='ocrx_word' id='word_1_239' title='bbox 292 2642 366 2713; x_wconf 86' lang='lat' dir='ltr'><strong>quod</strong></span> <span class='ocrx_word' id='word_1_240' title='bbox 399 2641 489 2697; x_wconf 91' lang='lat' dir='ltr'><strong>denuo</strong></span> <span class='ocrx_word' id='word_1_241' title='bbox 505 2642 670 2714; x_wconf 81' lang='lat' dir='ltr'><strong>&#39;imperator</strong></span> <span class='ocrx_word' id='word_1_242' title='bbox 701 2642 895 2714; x_wconf 85' lang='lat' dir='ltr'><strong>reaedificavit,</strong></span> <span class='ocrx_word' id='word_1_243' title='bbox 927 2644 1099 2712; x_wconf 82' lang='lat' dir='ltr'><strong>Bezdiekow,</strong></span> <span class='ocrx_word' id='word_1_244' title='bbox 1131 2644 1221 2699; x_wconf 90' lang='lat' dir='ltr'><strong>Lhota</strong></span> <span class='ocrx_word' id='word_1_245' title='bbox 1252 2642 1358 2713; x_wconf 80' lang='lat' dir='ltr'><strong>Rybna,</strong></span> 
     </span>
     <span class='ocr_line' id='line_1_26' title="bbox 157 2730 1358 2801; baseline -0.001 -17"><span class='ocrx_word' id='word_1_246' title='bbox 157 2730 281 2785; x_wconf 82' lang='lat' dir='ltr'><strong>Przelraz</strong></span> <span class='ocrx_word' id='word_1_247' title='bbox 308 2732 391 2800; x_wconf 84' lang='grc'>(157),</span> <span class='ocrx_word' id='word_1_248' title='bbox 422 2730 542 2785; x_wconf 86' lang='lat' dir='ltr'><strong>Tukleki</strong></span> <span class='ocrx_word' id='word_1_249' title='bbox 569 2732 652 2800; x_wconf 91' lang='grc'>(157),</span> <span class='ocrx_word' id='word_1_250' title='bbox 684 2731 855 2799; x_wconf 85' lang='lat' dir='ltr'><strong>Bezdiekow,</strong></span> <span class='ocrx_word' id='word_1_251' title='bbox 888 2731 1019 2801; x_wconf 86' lang='lat' dir='ltr'><strong>quidquid</strong></span> <span class='ocrx_word' id='word_1_252' title='bbox 1045 2730 1083 2785; x_wconf 93' lang='lat' dir='ltr'><strong>ibi</strong></span> <span class='ocrx_word' id='word_1_253' title='bbox 1108 2730 1205 2801; x_wconf 89' lang='lat' dir='ltr'><strong>habco,</strong></span> <span class='ocrx_word' id='word_1_254' title='bbox 1237 2737 1358 2784; x_wconf 88' lang='lat' dir='ltr'><strong>castrum</strong></span> 
     </span>
     <span class='ocr_line' id='line_1_27' title="bbox 159 2815 1358 2889; baseline 0 -19"><span class='ocrx_word' id='word_1_255' title='bbox 159 2816 338 2885; x_wconf 83' lang='lat' dir='ltr'><strong>Welischou,</strong></span> <span class='ocrx_word' id='word_1_256' title='bbox 369 2815 498 2887; x_wconf 88' lang='lat' dir='ltr'><strong>oppidum</strong></span> <span class='ocrx_word' id='word_1_257' title='bbox 530 2834 590 2873; x_wconf 90' lang='lat' dir='ltr'><strong>cum</strong></span> <span class='ocrx_word' id='word_1_258' title='bbox 620 2817 763 2885; x_wconf 91' lang='lat' dir='ltr'><strong>theloneo,</strong></span> <span class='ocrx_word' id='word_1_259' title='bbox 785 2818 890 2887; x_wconf 68' lang='lat' dir='ltr'><strong>{zimel</strong></span> <span class='ocrx_word' id='word_1_260' title='bbox 920 2817 1081 2889; x_wconf 84' lang='lat' dir='ltr'><strong>Sopotnicze</strong></span> <span class='ocrx_word' id='word_1_261' title='bbox 1108 2819 1196 2887; x_wconf 87' lang='grc'>(156),</span> <span class='ocrx_word' id='word_1_262' title='bbox 1226 2815 1358 2887; x_wconf 86' lang='lat' dir='ltr'><strong>quidquid</strong></span> 
     </span>
     <span class='ocr_line' id='line_1_28' title="bbox 157 2902 1356 2974; baseline -0.001 -14"><span class='ocrx_word' id='word_1_263' title='bbox 157 2906 199 2960; x_wconf 93' lang='lat' dir='ltr'><strong>ibi</strong></span> <span class='ocrx_word' id='word_1_264' title='bbox 220 2905 318 2973; x_wconf 91' lang='lat' dir='ltr'><strong>habeo,</strong></span> <span class='ocrx_word' id='word_1_265' title='bbox 342 2904 453 2959; x_wconf 84' lang='lat' dir='ltr'><strong>Brenna</strong></span> <span class='ocrx_word' id='word_1_266' title='bbox 471 2906 554 2974; x_wconf 89' lang='grc'>(156),</span> <span class='ocrx_word' id='word_1_267' title='bbox 578 2902 709 2973; x_wconf 86' lang='lat' dir='ltr'><strong>quidquid</strong></span> <span class='ocrx_word' id='word_1_268' title='bbox 733 2902 771 2959; x_wconf 89' lang='lat' dir='ltr'><strong>ibi</strong></span> <span class='ocrx_word' id='word_1_269' title='bbox 793 2902 892 2972; x_wconf 81' lang='lat' dir='ltr'><strong>habac,</strong></span> <span class='ocrx_word' id='word_1_270' title='bbox 915 2903 1084 2959; x_wconf 84' lang='lat' dir='ltr'><strong>Wleczinecz</strong></span> <span class='ocrx_word' id='word_1_271' title='bbox 1103 2905 1186 2973; x_wconf 88' lang='grc'>(156),</span> <span class='ocrx_word' id='word_1_272' title='bbox 1214 2904 1282 2959; x_wconf 87' lang='lat' dir='ltr'><strong>silva</strong></span> <span class='ocrx_word' id='word_1_273' title='bbox 1305 2906 1356 2959; x_wconf 92' lang='lat' dir='ltr'><strong>Po-</strong></span> 
     </span>
     <span class='ocr_line' id='line_1_29' title="bbox 157 2989 1357 3063; baseline -0.004 -15"><span class='ocrx_word' id='word_1_274' title='bbox 157 2993 235 3049; x_wconf 87' lang='lat' dir='ltr'><strong>rubie</strong></span> <span class='ocrx_word' id='word_1_275' title='bbox 254 2992 338 3062; x_wconf 83' lang='grc'>(116),</span> <span class='ocrx_word' id='word_1_276' title='bbox 355 2991 509 3063; x_wconf 80' lang='lat' dir='ltr'><strong>Bulroryna</strong></span> <span class='ocrx_word' id='word_1_277' title='bbox 527 2994 610 3061; x_wconf 82' lang='grc'>(112),</span> <span class='ocrx_word' id='word_1_278' title='bbox 628 2989 797 3047; x_wconf 84' lang='lat' dir='ltr'><strong>Jawornicze</strong></span> <span class='ocrx_word' id='word_1_279' title='bbox 816 2992 898 3059; x_wconf 83' lang='grc'>(156),</span> <span class='ocrx_word' id='word_1_280' title='bbox 916 2989 1048 3060; x_wconf 86' lang='lat' dir='ltr'><strong>quidquid</strong></span> <span class='ocrx_word' id='word_1_281' title='bbox 1065 2990 1103 3044; x_wconf 92' lang='lat' dir='ltr'><strong>ibi</strong></span> <span class='ocrx_word' id='word_1_282' title='bbox 1117 2990 1216 3060; x_wconf 87' lang='lat' dir='ltr'><strong>habeo,</strong></span> <span class='ocrx_word' id='word_1_283' title='bbox 1233 3006 1284 3046; x_wconf 92' lang='lat' dir='ltr'><strong>nec</strong></span> <span class='ocrx_word' id='word_1_284' title='bbox 1301 3006 1357 3045; x_wconf 90' lang='lat' dir='ltr'><strong>non</strong></span> 
     </span>
     <span class='ocr_line' id='line_1_30' title="bbox 153 3076 1356 3150; baseline -0.003 -14"><span class='ocrx_word' id='word_1_285' title='bbox 153 3082 228 3150; x_wconf 89' lang='lat' dir='ltr'><strong>jura,</strong></span> <span class='ocrx_word' id='word_1_286' title='bbox 251 3080 365 3148; x_wconf 83' lang='lat' dir='ltr'><strong>fructus,</strong></span> <span class='ocrx_word' id='word_1_287' title='bbox 389 3079 521 3135; x_wconf 87' lang='lat' dir='ltr'><strong>utilitates</strong></span> <span class='ocrx_word' id='word_1_288' title='bbox 541 3085 567 3133; x_wconf 90' lang='lat' dir='ltr'><strong>et</strong></span> <span class='ocrx_word' id='word_1_289' title='bbox 585 3084 734 3148; x_wconf 88' lang='lat' dir='ltr'><strong>proventus</strong></span> <span class='ocrx_word' id='word_1_290' title='bbox 759 3078 879 3132; x_wconf 92' lang='lat' dir='ltr'><strong>omnium</strong></span> <span class='ocrx_word' id='word_1_291' title='bbox 903 3076 1104 3148; x_wconf 87' lang='lat' dir='ltr'><strong>praedictorum</strong></span> <span class='ocrx_word' id='word_1_292' title='bbox 1126 3078 1187 3146; x_wconf 89' lang='lat' dir='ltr'><strong>sibi,</strong></span> <span class='ocrx_word' id='word_1_293' title='bbox 1209 3076 1356 3133; x_wconf 88' lang='lat' dir='ltr'><strong>heredibus</strong></span> 
     </span>
     <span class='ocr_line' id='line_1_31' title="bbox 156 3164 1356 3235; baseline -0.003 -12"><span class='ocrx_word' id='word_1_294' title='bbox 156 3176 186 3223; x_wconf 91' lang='grc'><strong>11</strong></span> <span class='ocrx_word' id='word_1_295' title='bbox 209 3166 414 3223; x_wconf 88' lang='lat' dir='ltr'><strong>successoribus</strong></span> <span class='ocrx_word' id='word_1_296' title='bbox 438 3167 506 3235; x_wconf 87' lang='lat' dir='ltr'><strong>suis,</strong></span> <span class='ocrx_word' id='word_1_297' title='bbox 532 3164 679 3219; x_wconf 87' lang='lat' dir='ltr'><strong>Bohemiae</strong></span> <span class='ocrx_word' id='word_1_298' title='bbox 702 3164 822 3234; x_wconf 87' lang='lat' dir='ltr'><strong>regibus,</strong></span> <span class='ocrx_word' id='word_1_299' title='bbox 849 3171 876 3219; x_wconf 91' lang='lat' dir='ltr'><strong>et</strong></span> <span class='ocrx_word' id='word_1_300' title='bbox 902 3164 1024 3220; x_wconf 88' lang='lat' dir='ltr'><strong>eiusdem</strong></span> <span class='ocrx_word' id='word_1_301' title='bbox 1050 3165 1127 3235; x_wconf 83' lang='lat' dir='ltr'><strong>regni</strong></span> <span class='ocrx_word' id='word_1_302' title='bbox 1151 3179 1268 3221; x_wconf 89' lang='lat' dir='ltr'><strong>coronae</strong></span> <span class='ocrx_word' id='word_1_303' title='bbox 1292 3172 1356 3235; x_wconf 90' lang='lat' dir='ltr'><strong>apte</strong></span> 
     </span>
     <span class='ocr_line' id='line_1_32' title="bbox 156 3251 1356 3325; baseline -0.005 -14"><span class='ocrx_word' id='word_1_304' title='bbox 156 3255 323 3311; x_wconf 80' lang='lat' dir='ltr'><strong>conveniunt</strong></span> <span class='ocrx_word' id='word_1_305' title='bbox 340 3295 350 3310; x_wconf 83' lang='lat'><strong>.</strong></span> <span class='ocrx_word' id='word_1_306' title='bbox 366 3294 375 3309; x_wconf 90' lang='lat'><strong>.</strong></span> <span class='ocrx_word' id='word_1_307' title='bbox 393 3294 402 3308; x_wconf 89' lang='lat'><strong>.</strong></span> <span class='ocrx_word' id='word_1_308' title='bbox 418 3293 427 3308; x_wconf 90' lang='lat'><strong>.</strong></span> <span class='ocrx_word' id='word_1_309' title='bbox 443 3251 584 3325; x_wconf 87' lang='lat' dir='ltr'><strong>praedicta</strong></span> <span class='ocrx_word' id='word_1_310' title='bbox 600 3252 675 3307; x_wconf 90' lang='lat' dir='ltr'><strong>bona</strong></span> <span class='ocrx_word' id='word_1_311' title='bbox 691 3252 783 3307; x_wconf 90' lang='lat' dir='ltr'><strong>omnia</strong></span> <span class='ocrx_word' id='word_1_312' title='bbox 807 3259 835 3307; x_wconf 89' lang='lat' dir='ltr'><strong>et</strong></span> <span class='ocrx_word' id='word_1_313' title='bbox 853 3252 960 3323; x_wconf 86' lang='lat' dir='ltr'><strong>singula</strong></span> <span class='ocrx_word' id='word_1_314' title='bbox 978 3268 995 3308; x_wconf 92' lang='lat' dir='ltr'><strong>a</strong></span> <span class='ocrx_word' id='word_1_315' title='bbox 1013 3268 1056 3308; x_wconf 92' lang='lat' dir='ltr'><strong>me</strong></span> <span class='ocrx_word' id='word_1_316' title='bbox 1074 3252 1108 3307; x_wconf 90' lang='lat' dir='ltr'><strong>de</strong></span> <span class='ocrx_word' id='word_1_317' title='bbox 1125 3253 1199 3308; x_wconf 90' lang='lat' dir='ltr'><strong>bona</strong></span> <span class='ocrx_word' id='word_1_318' title='bbox 1216 3252 1356 3307; x_wconf 86' lang='lat' dir='ltr'><strong>voluntate</strong></span> 
     </span>
     <span class='ocr_line' id='line_1_33' title="bbox 159 3338 1355 3412; baseline -0.003 -16"><span class='ocrx_word' id='word_1_319' title='bbox 159 3358 223 3399; x_wconf 87' lang='lat' dir='ltr'><strong>mea</strong></span> <span class='ocrx_word' id='word_1_320' title='bbox 246 3348 274 3397; x_wconf 90' lang='lat' dir='ltr'><strong>et</strong></span> <span class='ocrx_word' id='word_1_321' title='bbox 297 3355 434 3396; x_wconf 86' lang='lat' dir='ltr'><strong>consenso</strong></span> <span class='ocrx_word' id='word_1_322' title='bbox 456 3339 551 3412; x_wconf 88' lang='lat' dir='ltr'><strong>libero,</strong></span> <span class='ocrx_word' id='word_1_323' title='bbox 578 3338 658 3394; x_wconf 76' lang='lat' dir='ltr'><strong>titudo</strong></span> <span class='ocrx_word' id='word_1_324' title='bbox 682 3345 710 3394; x_wconf 92' lang='lat' dir='ltr'><strong>et</strong></span> <span class='ocrx_word' id='word_1_325' title='bbox 728 3338 792 3407; x_wconf 89' lang='lat' dir='ltr'><strong>jure</strong></span> <span class='ocrx_word' id='word_1_326' title='bbox 816 3338 953 3409; x_wconf 83' lang='lat' dir='ltr'><strong>legitimae</strong></span> <span class='ocrx_word' id='word_1_327' title='bbox 980 3346 1008 3396; x_wconf 92' lang='grc'><strong>11</strong></span> <span class='ocrx_word' id='word_1_328' title='bbox 1027 3341 1121 3408; x_wconf 89' lang='lat' dir='ltr'><strong>justae</strong></span> <span class='ocrx_word' id='word_1_329' title='bbox 1145 3339 1355 3410; x_wconf 88' lang='lat' dir='ltr'><strong>permutationis</strong></span> 
     </span>
     <span class='ocr_line' id='line_1_34' title="bbox 158 3426 1356 3510; baseline -0.003 -25"><span class='ocrx_word' id='word_1_330' title='bbox 158 3429 273 3500; x_wconf 89' lang='lat' dir='ltr'><strong>accepit,</strong></span> <span class='ocrx_word' id='word_1_331' title='bbox 299 3435 329 3484; x_wconf 87' lang='grc'><strong>11</strong></span> <span class='ocrx_word' id='word_1_332' title='bbox 350 3427 445 3484; x_wconf 90' lang='lat' dir='ltr'><strong>eadem</strong></span> <span class='ocrx_word' id='word_1_333' title='bbox 468 3428 541 3482; x_wconf 92' lang='lat' dir='ltr'><strong>bona</strong></span> <span class='ocrx_word' id='word_1_334' title='bbox 565 3426 656 3481; x_wconf 90' lang='lat' dir='ltr'><strong>omnia</strong></span> <span class='ocrx_word' id='word_1_335' title='bbox 680 3433 708 3481; x_wconf 90' lang='grc'><strong>11</strong></span> <span class='ocrx_word' id='word_1_336' title='bbox 731 3427 847 3498; x_wconf 87' lang='lat' dir='ltr'><strong>singula,</strong></span> <span class='ocrx_word' id='word_1_337' title='bbox 870 3434 952 3499; x_wconf 90' lang='lat' dir='ltr'><strong>prout</strong></span> <span class='ocrx_word' id='word_1_338' title='bbox 977 3434 1041 3482; x_wconf 91' lang='lat' dir='ltr'><strong>sunt</strong></span> <span class='ocrx_word' id='word_1_339' title='bbox 1064 3442 1196 3497; x_wconf 86' lang='lat' dir='ltr'><strong>expressa</strong></span> <span class='ocrx_word' id='word_1_340' title='bbox 1220 3427 1356 3510; x_wconf 73' lang='lat' dir='ltr'><strong>superius²</strong></span> 
     </span>
     <span class='ocr_line' id='line_1_35' title="bbox 156 3513 1354 3586; baseline -0.004 -12"><span class='ocrx_word' id='word_1_341' title='bbox 156 3532 266 3575; x_wconf 85' lang='lat' dir='ltr'><strong>exnunc</strong></span> <span class='ocrx_word' id='word_1_342' title='bbox 287 3516 400 3571; x_wconf 85' lang='lat' dir='ltr'><strong>inantea</strong></span> <span class='ocrx_word' id='word_1_343' title='bbox 422 3514 563 3586; x_wconf 87' lang='lat' dir='ltr'><strong>perpetuis</strong></span> <span class='ocrx_word' id='word_1_344' title='bbox 587 3513 756 3586; x_wconf 87' lang='lat' dir='ltr'><strong>temporibus</strong></span> <span class='ocrx_word' id='word_1_345' title='bbox 778 3514 883 3584; x_wconf 85' lang='lat' dir='ltr'><strong>regalia</strong></span> <span class='ocrx_word' id='word_1_346' title='bbox 906 3514 965 3569; x_wconf 86' lang='grc'>1111</span> <span class='ocrx_word' id='word_1_347' title='bbox 988 3513 1115 3583; x_wconf 85' lang='lat' dir='ltr'><strong>decrerit,</strong></span> <span class='ocrx_word' id='word_1_348' title='bbox 1142 3521 1170 3570; x_wconf 90' lang='lat' dir='ltr'><strong>et</strong></span> <span class='ocrx_word' id='word_1_349' title='bbox 1197 3513 1271 3583; x_wconf 88' lang='lat' dir='ltr'><strong>quod</strong></span> <span class='ocrx_word' id='word_1_350' title='bbox 1295 3519 1354 3569; x_wconf 91' lang='lat' dir='ltr'><strong>tan-</strong></span> 
     </span>
     <span class='ocr_line' id='line_1_36' title="bbox 155 3598 1354 3677; baseline -0.003 -17"><span class='ocrx_word' id='word_1_351' title='bbox 155 3621 239 3677; x_wconf 86' lang='lat' dir='ltr'><strong>quam</strong></span> <span class='ocrx_word' id='word_1_352' title='bbox 255 3604 358 3675; x_wconf 84' lang='lat' dir='ltr'><strong>regalia</strong></span> <span class='ocrx_word' id='word_1_353' title='bbox 374 3599 530 3657; x_wconf 86' lang='lat' dir='ltr'><strong>immediate</strong></span> <span class='ocrx_word' id='word_1_354' title='bbox 548 3598 583 3656; x_wconf 91' lang='lat' dir='ltr'><strong>ad</strong></span> <span class='ocrx_word' id='word_1_355' title='bbox 601 3617 724 3656; x_wconf 89' lang='lat' dir='ltr'><strong>mensam</strong></span> <span class='ocrx_word' id='word_1_356' title='bbox 742 3608 770 3657; x_wconf 91' lang='lat' dir='ltr'><strong>et</strong></span> <span class='ocrx_word' id='word_1_357' title='bbox 786 3600 978 3656; x_wconf 82' lang='lat' dir='ltr'><strong>villicationem</strong></span> <span class='ocrx_word' id='word_1_358' title='bbox 995 3616 1081 3670; x_wconf 89' lang='lat' dir='ltr'><strong>suam,</strong></span> <span class='ocrx_word' id='word_1_359' title='bbox 1098 3601 1231 3657; x_wconf 89' lang='lat' dir='ltr'><strong>heredum</strong></span> <span class='ocrx_word' id='word_1_360' title='bbox 1248 3607 1276 3656; x_wconf 90' lang='lat' dir='ltr'><strong>et</strong></span> <span class='ocrx_word' id='word_1_361' title='bbox 1294 3618 1354 3657; x_wconf 91' lang='lat' dir='ltr'><strong>suc·</strong></span> 
     </span>
     <span class='ocr_line' id='line_1_37' title="bbox 153 3687 1355 3759; baseline -0.004 -11"><span class='ocrx_word' id='word_1_362' title='bbox 153 3708 295 3750; x_wconf 86' lang='grc'>1111111111</span> <span class='ocrx_word' id='word_1_363' title='bbox 312 3706 434 3758; x_wconf 90' lang='lat' dir='ltr'><strong>suorum,</strong></span> <span class='ocrx_word' id='word_1_364' title='bbox 456 3687 605 3743; x_wconf 85' lang='lat' dir='ltr'><strong>Bohemiae</strong></span> <span class='ocrx_word' id='word_1_365' title='bbox 621 3705 724 3759; x_wconf 88' lang='lat' dir='ltr'><strong>regum,</strong></span> <span class='ocrx_word' id='word_1_366' title='bbox 748 3694 776 3743; x_wconf 90' lang='lat' dir='ltr'><strong>et</strong></span> <span class='ocrx_word' id='word_1_367' title='bbox 798 3688 921 3745; x_wconf 88' lang='lat' dir='ltr'><strong>eiusdem</strong></span> <span class='ocrx_word' id='word_1_368' title='bbox 945 3688 1023 3758; x_wconf 88' lang='lat' dir='ltr'><strong>regni</strong></span> <span class='ocrx_word' id='word_1_369' title='bbox 1046 3704 1175 3744; x_wconf 89' lang='lat' dir='ltr'><strong>coronam</strong></span> <span class='ocrx_word' id='word_1_370' title='bbox 1198 3689 1355 3759; x_wconf 86' lang='lat' dir='ltr'><strong>pertineant</strong></span> 
     </span>
     <span class='ocr_line' id='line_1_38' title="bbox 154 3773 1354 3846; baseline -0.003 -11"><span class='ocrx_word' id='word_1_371' title='bbox 154 3788 184 3835; x_wconf 93' lang='lat' dir='ltr'><strong>et</strong></span> <span class='ocrx_word' id='word_1_372' title='bbox 200 3794 308 3835; x_wconf 89' lang='lat' dir='ltr'><strong>omnem</strong></span> <span class='ocrx_word' id='word_1_373' title='bbox 330 3776 483 3832; x_wconf 86' lang='lat' dir='ltr'><strong>naturalem</strong></span> <span class='ocrx_word' id='word_1_374' title='bbox 506 3775 659 3830; x_wconf 89' lang='lat' dir='ltr'><strong>libertatem</strong></span> <span class='ocrx_word' id='word_1_375' title='bbox 683 3780 712 3829; x_wconf 91' lang='grc'><strong>11</strong></span> <span class='ocrx_word' id='word_1_376' title='bbox 735 3773 859 3830; x_wconf 89' lang='lat' dir='ltr'><strong>ordinem</strong></span> <span class='ocrx_word' id='word_1_377' title='bbox 882 3776 1015 3830; x_wconf 90' lang='lat' dir='ltr'><strong>bonorum</strong></span> <span class='ocrx_word' id='word_1_378' title='bbox 1033 3775 1166 3846; x_wconf 84' lang='lat' dir='ltr'><strong>regalium</strong></span> <span class='ocrx_word' id='word_1_379' title='bbox 1185 3815 1193 3831; x_wconf 91' lang='lat'><strong>.</strong></span> <span class='ocrx_word' id='word_1_380' title='bbox 1210 3816 1217 3831; x_wconf 90' lang='lat'>.</span> <span class='ocrx_word' id='word_1_381' title='bbox 1237 3816 1270 3831; x_wconf 90' lang='grc'><strong>..</strong></span> <span class='ocrx_word' id='word_1_382' title='bbox 1293 3777 1354 3831; x_wconf 88' lang='lat' dir='ltr'><strong>Nec</strong></span> 
     </span>
     <span class='ocr_line' id='line_1_39' title="bbox 154 3862 1353 3935; baseline -0.003 -13"><span class='ocrx_word' id='word_1_383' title='bbox 154 3883 211 3924; x_wconf 88' lang='lat' dir='ltr'><strong>non</strong></span> <span class='ocrx_word' id='word_1_384' title='bbox 229 3866 304 3935; x_wconf 90' lang='lat' dir='ltr'><strong>mihi,</strong></span> <span class='ocrx_word' id='word_1_385' title='bbox 326 3862 473 3920; x_wconf 88' lang='lat' dir='ltr'><strong>heredibus</strong></span> <span class='ocrx_word' id='word_1_386' title='bbox 492 3868 520 3917; x_wconf 93' lang='lat' dir='ltr'><strong>et</strong></span> <span class='ocrx_word' id='word_1_387' title='bbox 537 3862 741 3918; x_wconf 86' lang='lat' dir='ltr'><strong>successoribus</strong></span> <span class='ocrx_word' id='word_1_388' title='bbox 760 3862 828 3917; x_wconf 89' lang='lat' dir='ltr'><strong>meis</strong></span> <span class='ocrx_word' id='word_1_389' title='bbox 852 3862 881 3917; x_wconf 91' lang='lat' dir='ltr'><strong>in</strong></span> <span class='ocrx_word' id='word_1_390' title='bbox 905 3869 1066 3933; x_wconf 90' lang='lat' dir='ltr'><strong>perpetuam</strong></span> <span class='ocrx_word' id='word_1_391' title='bbox 1083 3877 1289 3933; x_wconf 90' lang='lat' dir='ltr'><strong>recompensam</strong></span> <span class='ocrx_word' id='word_1_392' title='bbox 1305 3864 1353 3918; x_wconf 92' lang='lat' dir='ltr'><strong>bo·</strong></span> 
     </span>
     <span class='ocr_line' id='line_1_40' title="bbox 153 3947 1353 4021; baseline -0.007 -10"><span class='ocrx_word' id='word_1_393' title='bbox 153 3967 254 4011; x_wconf 87' lang='lat' dir='ltr'><strong>norum</strong></span> <span class='ocrx_word' id='word_1_394' title='bbox 275 3950 457 4007; x_wconf 90' lang='lat' dir='ltr'><strong>huiusmodi.</strong></span> <span class='ocrx_word' id='word_1_395' title='bbox 476 3991 483 4005; x_wconf 94' lang='lat'><strong>.</strong></span> <span class='ocrx_word' id='word_1_396' title='bbox 502 3990 535 4005; x_wconf 88' lang='lat'><strong>..</strong></span> <span class='ocrx_word' id='word_1_397' title='bbox 561 3947 633 4003; x_wconf 84' lang='lat' dir='ltr'><strong>infra</strong></span> <span class='ocrx_word' id='word_1_398' title='bbox 657 3949 760 4021; x_wconf 91' lang='lat' dir='ltr'><strong>scripta</strong></span> <span class='ocrx_word' id='word_1_399' title='bbox 785 3949 860 4005; x_wconf 90' lang='lat' dir='ltr'><strong>bona</strong></span> <span class='ocrx_word' id='word_1_400' title='bbox 887 3949 999 4021; x_wconf 83' lang='lat' dir='ltr'><strong>regalia,</strong></span> <span class='ocrx_word' id='word_1_401' title='bbox 1026 3964 1096 4019; x_wconf 89' lang='lat' dir='ltr'><strong>quae</strong></span> <span class='ocrx_word' id='word_1_402' title='bbox 1120 3950 1155 4004; x_wconf 91' lang='lat' dir='ltr'><strong>ab</strong></span> <span class='ocrx_word' id='word_1_403' title='bbox 1179 3950 1292 4019; x_wconf 88' lang='lat' dir='ltr'><strong>antiquo</strong></span> <span class='ocrx_word' id='word_1_404' title='bbox 1317 3948 1353 4003; x_wconf 89' lang='lat' dir='ltr'><strong>ad</strong></span> 
     </span>
     <span class='ocr_line' id='line_1_41' title="bbox 153 4029 1353 4109; baseline -0.007 -12"><span class='ocrx_word' id='word_1_405' title='bbox 153 4041 275 4098; x_wconf 88' lang='lat' dir='ltr'><strong>illustres</strong></span> <span class='ocrx_word' id='word_1_406' title='bbox 291 4029 440 4097; x_wconf 80' lang='lat' dir='ltr'><strong>Bobemiae</strong></span> <span class='ocrx_word' id='word_1_407' title='bbox 463 4052 542 4109; x_wconf 90' lang='lat' dir='ltr'><strong>reges</strong></span> <span class='ocrx_word' id='word_1_408' title='bbox 566 4038 754 4108; x_wconf 82' lang='lat' dir='ltr'><strong>progenitores</strong></span> <span class='ocrx_word' id='word_1_409' title='bbox 778 4037 876 4109; x_wconf 86' lang='lat' dir='ltr'><strong>ipsius,</strong></span> <span class='ocrx_word' id='word_1_410' title='bbox 900 4035 935 4091; x_wconf 91' lang='lat' dir='ltr'><strong>ad</strong></span> <span class='ocrx_word' id='word_1_411' title='bbox 958 4037 1048 4107; x_wconf 87' lang='lat' dir='ltr'><strong>ipsum</strong></span> <span class='ocrx_word' id='word_1_412' title='bbox 1072 4044 1100 4093; x_wconf 93' lang='lat' dir='ltr'><strong>et</strong></span> <span class='ocrx_word' id='word_1_413' title='bbox 1123 4052 1252 4092; x_wconf 89' lang='lat' dir='ltr'><strong>coronam</strong></span> <span class='ocrx_word' id='word_1_414' title='bbox 1275 4036 1353 4105; x_wconf 86' lang='lat' dir='ltr'><strong>regni</strong></span> 
     </span>
     <span class='ocr_line' id='line_1_42' title="bbox 153 4122 1352 4197; baseline -0.007 -14"><span class='ocrx_word' id='word_1_415' title='bbox 153 4128 302 4185; x_wconf 87' lang='lat' dir='ltr'><strong>Bohemiae</strong></span> <span class='ocrx_word' id='word_1_416' title='bbox 325 4126 491 4197; x_wconf 89' lang='lat' dir='ltr'><strong>pertinuisse</strong></span> <span class='ocrx_word' id='word_1_417' title='bbox 514 4131 665 4181; x_wconf 88' lang='lat' dir='ltr'><strong>noscuntur</strong></span> <span class='ocrx_word' id='word_1_418' title='bbox 684 4166 793 4181; x_wconf 92' lang='grc'><strong>.....</strong></span> <span class='ocrx_word' id='word_1_419' title='bbox 819 4124 956 4181; x_wconf 85' lang='lat' dir='ltr'><strong>videlicet:</strong></span> <span class='ocrx_word' id='word_1_420' title='bbox 982 4131 1100 4179; x_wconf 87' lang='lat' dir='ltr'><strong>castrum</strong></span> <span class='ocrx_word' id='word_1_421' title='bbox 1123 4122 1246 4179; x_wconf 89' lang='lat' dir='ltr'><strong>Welisch</strong></span> <span class='ocrx_word' id='word_1_422' title='bbox 1269 4123 1352 4191; x_wconf 89' lang='grc'>(121),</span> 
     </span>
     <span class='ocr_line' id='line_1_43' title="bbox 154 4211 1351 4289; baseline -0.008 -16"><span class='ocrx_word' id='word_1_423' title='bbox 154 4216 285 4289; x_wconf 91' lang='lat' dir='ltr'><strong>oppidum</strong></span> <span class='ocrx_word' id='word_1_424' title='bbox 300 4215 394 4270; x_wconf 84' lang='lat' dir='ltr'><strong>Giezin</strong></span> <span class='ocrx_word' id='word_1_425' title='bbox 411 4229 473 4269; x_wconf 91' lang='lat' dir='ltr'><strong>cum</strong></span> <span class='ocrx_word' id='word_1_426' title='bbox 490 4211 562 4269; x_wconf 88' lang='lat' dir='ltr'><strong>infra</strong></span> <span class='ocrx_word' id='word_1_427' title='bbox 580 4212 689 4284; x_wconf 88' lang='lat' dir='ltr'><strong>scriptis</strong></span> <span class='ocrx_word' id='word_1_428' title='bbox 707 4213 779 4268; x_wconf 86' lang='lat' dir='ltr'><strong>villis</strong></span> <span class='ocrx_word' id='word_1_429' title='bbox 798 4215 882 4284; x_wconf 82' lang='lat'><strong>(121),</strong></span> <span class='ocrx_word' id='word_1_430' title='bbox 898 4212 1019 4282; x_wconf 85' lang='lat' dir='ltr'><strong>Antiquo</strong></span> <span class='ocrx_word' id='word_1_431' title='bbox 1038 4211 1140 4281; x_wconf 84' lang='lat' dir='ltr'><strong>Giezin,</strong></span> <span class='ocrx_word' id='word_1_432' title='bbox 1158 4211 1250 4266; x_wconf 89' lang='lat' dir='ltr'><strong>Holim</strong></span> <span class='ocrx_word' id='word_1_433' title='bbox 1268 4211 1351 4279; x_wconf 89' lang='grc'>(121),</span> 
     </span>
     <span class='ocr_line' id='line_1_44' title="bbox 154 4298 1351 4373; baseline -0.006 -13"><span class='ocrx_word' id='word_1_434' title='bbox 154 4304 276 4361; x_wconf 88' lang='lat' dir='ltr'><strong>Welisch</strong></span> <span class='ocrx_word' id='word_1_435' title='bbox 293 4305 375 4373; x_wconf 89' lang='grc'>(126),</span> <span class='ocrx_word' id='word_1_436' title='bbox 398 4301 545 4358; x_wconf 84' lang='lat' dir='ltr'><strong>Bulrouice</strong></span> <span class='ocrx_word' id='word_1_437' title='bbox 563 4302 647 4371; x_wconf 87' lang='grc'>(126),</span> <span class='ocrx_word' id='word_1_438' title='bbox 669 4300 761 4357; x_wconf 87' lang='lat' dir='ltr'><strong>Lhota</strong></span> <span class='ocrx_word' id='word_1_439' title='bbox 785 4302 869 4371; x_wconf 88' lang='grc'>(126),</span> <span class='ocrx_word' id='word_1_440' title='bbox 892 4300 1043 4355; x_wconf 85' lang='lat' dir='ltr'><strong>Okschcrie</strong></span> <span class='ocrx_word' id='word_1_441' title='bbox 1061 4301 1145 4368; x_wconf 78' lang='grc'>(120),</span> <span class='ocrx_word' id='word_1_442' title='bbox 1169 4298 1351 4353; x_wconf 83' lang='lat' dir='ltr'><strong>Czekorvicze</strong></span> 
     </span>
     <span class='ocr_line' id='line_1_45' title="bbox 154 4384 1350 4461; baseline -0.006 -15"><span class='ocrx_word' id='word_1_443' title='bbox 154 4394 227 4461; x_wconf 88' lang='grc'>(120)</span> <span class='ocrx_word' id='word_1_444' title='bbox 245 4397 273 4445; x_wconf 92' lang='grc'><strong>11</strong></span> <span class='ocrx_word' id='word_1_445' title='bbox 291 4390 383 4445; x_wconf 88' lang='lat' dir='ltr'><strong>decem</strong></span> <span class='ocrx_word' id='word_1_446' title='bbox 400 4390 489 4443; x_wconf 87' lang='lat' dir='ltr'><strong>laneis</strong></span> <span class='ocrx_word' id='word_1_447' title='bbox 508 4388 592 4444; x_wconf 87' lang='lat' dir='ltr'><strong>silvae</strong></span> <span class='ocrx_word' id='word_1_448' title='bbox 604 4388 735 4443; x_wconf 89' lang='lat' dir='ltr'><strong>rubetalis</strong></span> <span class='ocrx_word' id='word_1_449' title='bbox 754 4404 816 4443; x_wconf 89' lang='lat' dir='ltr'><strong>cum</strong></span> <span class='ocrx_word' id='word_1_450' title='bbox 829 4389 954 4445; x_wconf 87' lang='lat' dir='ltr'><strong>omuibus</strong></span> <span class='ocrx_word' id='word_1_451' title='bbox 970 4389 1088 4456; x_wconf 85' lang='lat' dir='ltr'><strong>juribus,</strong></span> <span class='ocrx_word' id='word_1_452' title='bbox 1105 4385 1277 4454; x_wconf 87' lang='lat' dir='ltr'><strong>utilitatibus,</strong></span> <span class='ocrx_word' id='word_1_453' title='bbox 1294 4384 1350 4440; x_wconf 84' lang='lat' dir='ltr'><strong>fru-</strong></span> 
     </span>
    </p>
   </div>
   <div class='ocr_carea' id='block_1_8' title="bbox 0 0 1618 5017">
    <p class='ocr_par' dir='ltr' id='par_1_8' title="bbox 0 0 1618 5017">
     <span class='ocr_line' id='line_1_46' title="bbox 0 0 1618 5017; baseline 0 5"><span class='ocrx_word' id='word_1_454' title='bbox 0 0 1618 5017; x_wconf 95' lang='lat' dir='ltr'><strong> </strong></span> 
     </span>
    </p>
   </div>
  </div>
 </body>
</html>
