3225 5017
552 342 617 411 Cap.
635 342 681 396 IV.
699 343 790 396 Barna
807 343 891 411 regia.
1264 352 1314 400 127

126 538 157 600 et
178 535 289 600 nolunt
310 534 343 600 in
361 535 434 618 jure
456 538 489 600 et
507 534 632 618 justitia
655 538 838 618 contentari,
868 537 1058 602 temeritatis
1080 537 1245 603 audaciam
1266 558 1316 604 re·

125 640 321 722 primendam
344 643 377 706 et
398 644 527 722 propter
548 641 646 706 totins
667 642 755 722 regni
778 641 887 707 Nostri
903 641 1052 707 Boemiae
1075 643 1316 725 rempublicam

124 743 334 810 effectrraliter
361 745 606 826 instaurandam,
637 745 677 810 de
705 746 893 828 principum,
922 747 1075 812 baronum
1104 751 1137 812 et
1164 748 1317 813 nobilium

125 849 269 916 eiusdem
293 849 384 932 regni
405 849 515 915 Nostri
544 850 684 918 unamini
712 869 868 916 consensu
889 852 1028 932 bernam,
1059 852 1238 934 generalem
1259 872 1318 937 per

124 955 309 1020 universum
338 973 469 1037 regnum
491 953 642 1020 Nostrum
665 954 821 1023 Boemiae
845 956 1053 1038 coNigendarn
1074 956 1254 1038 indiximus,
1284 958 1317 1023 in

125 1059 270 1126 eiusdem
292 1060 381 1142 regni
404 1077 482 1126 usus
504 1060 709 1126 necessarios
724 1061 975 1126 convertendam.

228 1164 272 1229 Et
302 1165 377 1246 quia
406 1165 446 1231 de
476 1161 550 1229 fidei
573 1167 606 1229 et
635 1165 926 1247 circumspectionis
952 1168 1130 1232 sesmarum
1160 1167 1317 1236 industria

124 1269 415 1353 praesumptionem
444 1267 608 1336 indubiam
629 1269 818 1351 obtinemus
848 1270 939 1336 vobis
961 1271 1080 1337 virtute
1101 1273 1318 1355 praesentium

124 1373 276 1442 decerta
307 1376 439 1442 scientia
467 1375 598 1442 bernam
627 1375 807 1456 generalem
836 1374 1018 1441 huiusmodi
1043 1377 1083 1442 ab
1106 1378 1263 1443 uniuersis
1285 1382 1318 1443 et

124 1480 259 1562 singulis
281 1481 373 1548 bonis
394 1499 451 1564 per
473 1481 652 1546 districtum
674 1484 707 1545 et
728 1479 922 1563 provinciam
944 1479 975 1544 N
997 1490 1036 1546 .'.
1060 1531 1067 1546 .
1092 1531 1100 1547 .
1124 1472 1333 1566 (bominibus

123 1588 233 1650 tamen
255 1589 287 1651 et
307 1585 398 1651 bonis
427 1585 598 1667 regalibus
631 1573 863 1667 archiepiscopi
883 1583 1062 1666 Pragerrsis,
1093 1586 1234 1668 episcopi
1255 1587 1318 1652 Lu-

123 1689 344 1770 tomisslensis,
368 1689 541 1773 praepositi
563 1687 846 1770 wissegradensis,
874 1689 1027 1754 nobilium
1052 1689 1092 1755 de
1113 1690 1317 1774 Rosemberg,

123 1793 388 1860 monasteriorum
417 1797 450 1858 et
479 1791 652 1873 civitatum,
683 1810 765 1876 quae
786 1790 960 1858 Nobiscum
990 1793 1127 1877 desuper
1148 1795 1318 1861 concorda·

123 1902 240 1964 rerunt
257 1899 451 1981 adplenum,
475 1897 640 1964 dumtaxat
661 1896 811 1980 exceptis,
835 1898 988 1965 adversus
1007 1918 1097 1983 quos,
1119 1899 1262 1966 homines
1285 1904 1318 1967 et

122 2003 207 2068 bona
237 2021 345 2068 eorum
373 2007 439 2068 tam
467 2003 597 2086 ratione,
619 2002 841 2069 delerrcialium
863 2023 959 2089 quam
980 2005 1060 2070 alias
1082 2003 1161 2070 nihil
1188 2005 1315 2087 penitus

124 2107 344 2189 attemptetis),
374 2099 554 2188 incipiendo
583 2105 645 2172 in.
670 2157 678 2172 .
703 2157 710 2172 .
736 2158 742 2173 .
766 2112 900 2174 venturo
928 2109 1070 2191 proxime
1093 2109 1317 2176 committimus

124 2211 312 2294 exigendam
335 2215 368 2276 et
390 2209 598 2276 effectualiter
620 2210 847 2293 colligendam„

229 2313 273 2380 Et
301 2315 506 2381 nihilominus
537 2317 570 2381 in
604 2315 787 2381 collectione
821 2316 925 2382 dictae
957 2316 1074 2382 hernae
1105 2317 1190 2382 bunc
1222 2317 1319 2383 inira-
1357 2364 1361 2373 »

125 2420 280 2504 scriptum
309 2418 438 2486 modum
467 2423 500 2485 et
529 2420 670 2485 ordinem
700 2421 844 2486 volumus
876 2425 908 2486 et
937 2419 1134 2487 decrevimus
1157 2423 1216 2488 sub
1238 2422 1318 2503 regii

124 2523 235 2589 Nostri
256 2523 375 2589 favoris
405 2521 535 2590 obtentu
560 2543 617 2608 per
639 2543 695 2590 vos
718 2525 943 2591 iuviolabiliter
964 2526 1135 2607 observari,
1165 2527 1250 2610 quod
1271 2527 1318 2592 vi-

125 2629 243 2694 delicet
266 2628 399 2710 quilibet
426 2619 567 2694 vestrum
597 2634 733 2714 quatuor
755 2649 853 2713 equos
882 2634 915 2695 et
936 2631 978 2696 ad
999 2631 1103 2696 minus
1126 2631 1206 2696 duos
1227 2631 1318 2696 farni-

107 2729 221 2799 'liares
243 2737 381 2800 armatos
403 2732 529 2814 babeat,
553 2735 702 2818 quodque
723 2734 806 2798 inter
827 2752 884 2800 vos
905 2733 1048 2799 notarius
1067 2738 1100 2798 et
1115 2735 1193 2800 civis
1208 2733 1317 2801 Nostri

125 2834 290 2920 praedicti,
314 2842 347 2904 et
363 2856 425 2903 non
440 2837 521 2904 alius
545 2840 714 2922 quisquam
735 2840 872 2921 penitus,
896 2840 1047 2922 pecunias
1070 2839 1262 2921 colligendas
1285 2844 1318 2904 et

124 2943 224 3008 libros
253 2943 459 3023 registmrum
487 2942 643 3024 regalium
670 2946 736 3008 tarn
763 2944 910 3024 antiquos
939 2961 1034 3026 quam
1074 2942 1114 3007 de
1146 2962 1227 3008 novo
1260 2963 1319 3026 per

125 3050 250 3112 vestros
280 3050 313 3111 et
340 3046 481 3128 ipsorum
509 3047 648 3112 notarios
679 3046 931 3127 conscribendos,
960 3047 994 3111 in
1023 3065 1132 3112 eorum
1161 3049 1319 3114 retineant

127 3154 295 3232 potestate,
325 3169 384 3216 nee
415 3150 563 3234 cuiquam
592 3169 631 3215 ex
660 3151 751 3217 vobis
779 3153 874 3217 liceat
903 3169 975 3216 cum
995 3150 1059 3217 biis
1080 3152 1201 3235 aliquid
1223 3172 1319 3235 agere

126 3273 184 3321 seu
207 3254 375 3337 disponere
398 3255 438 3321 de
460 3255 589 3322 eisdem.

232 3358 282 3424 Ad
314 3378 447 3443 quorum
476 3359 572 3425 etiarn
601 3359 715 3425 notarii
738 3362 771 3424 et
792 3359 871 3425 ciris
893 3359 1141 3442 requisitionem,
1173 3360 1318 3442 quotiens
1437 3424 1439 3429 ,

126 3463 224 3530 inerit
246 3461 465 3546 opportunum,
489 3481 597 3530 omnes
621 3468 653 3530 et
674 3464 815 3546 singulos
836 3464 968 3530 bernam
992 3463 1173 3547 hujusmodi
1196 3465 1319 3530 solvere

126 3567 357 3650 protrahentes,
387 3569 613 3653 cujuscumque
636 3569 732 3635 etiam
760 3568 935 3636 nobilitatis
961 3587 1018 3634 seu
1041 3568 1230 3635 conditionis
1253 3569 1318 3635 eri-

127 3673 250 3755 steriut,
280 3693 338 3756 per
366 3675 638 3756 impignorationis
667 3679 700 3740 et
721 3676 800 3742 alias
829 3675 1027 3741 necessarias
1048 3675 1117 3741 vias
1146 3676 1179 3738 et
1207 3674 1318 3739 modos

127 3778 317 3844 auctoritate
338 3779 426 3861 regia
446 3779 576 3845 realiter
605 3780 822 3861 compeNatis3*
846 3800 920 3846 narn
948 3781 983 3845 in
1010 3781 1071 3845 boc
1092 3778 1183 3844 vobis
1205 3777 1316 3842 damus

128 3881 277 3947 Nostram
305 3882 431 3964 planam
457 3885 490 3948 et
511 3882 722 3948 omnimodam
744 3888 941 3966 potestatem.
987 3881 1171 3950 Efficientes
1199 3882 1316 3963 taliter,

131 3985 215 4068 quod
244 3985 356 4051 eadem
384 3987 490 4066 berna,
521 3990 615 4069 prout
644 3987 684 4052 de
705 3988 795 4053 vobis
823 3990 1005 4071 specialiter
1027 3984 1221 4068 confidimus,
1249 3987 1318 4052 sine

130 4090 336 4156 diminutione
359 4091 500 4174 qualibet
522 4091 697 4174 colligatur,
721 4091 929 4158 effectualiter
949 4094 1101 4176 exigatur.

233 4193 296 4273 Qui
311 4195 406 4260 otiam
427 4195 570 4259 notarius
591 4199 624 4260 et
639 4195 716 4261 civis
731 4197 823 4263 robis
839 4198 1057 4263 collectoribus
1080 4201 1112 4261 et
1127 4196 1187 4262 sibi
1201 4194 1318 4260 Nostro

130 4299 254 4363 nornine
275 4299 442 4380 providere
464 4299 631 4380 debebunt,
654 4301 805 4382 quamdiu
827 4302 861 4367 in
882 4301 1059 4385 coNigenda
1076 4302 1173 4368 berna
1194 4299 1318 4364 labora-

131 4402 204 4466 bitis
227 4403 417 4486 supradicta,
441 4404 587 4486 congruis
610 4403 650 4470 de
672 4406 828 4487 expensis.
