3225 5017
593 302 658 372 Cap.
675 303 721 358 IX.
741 303 920 359 Universitas.
1002 311 1005 332 ¹
1035 271 1039 280 ,
1300 312 1350 362 285

162 500 300 565 dictores
333 499 491 583 quoslibet
524 502 556 564 11
589 498 733 578 rebelles
769 500 995 583 cujuscumque
1027 498 1200 581 dignitatis,
1238 502 1349 579 statum,

163 604 282 670 ordinis
317 606 368 671 vel
409 604 597 670 conditionis
628 603 798 684 extiterint,
837 603 1088 687 quandocunque
1121 608 1154 671 11
1190 605 1351 687 quotiens·

163 728 287 792 cunque
307 710 491 793 expedierit,
514 709 701 776 auctoritate
715 713 825 776 nostra
842 729 900 792 per
914 727 1079 775 censuram
1093 709 1350 790 ecclesiasticam,

163 816 374 899 appellatione
397 815 583 899 postposita,
611 815 849 899 compescendo,
877 816 1022 883 invocato
1044 814 1085 880 ad
1114 812 1183 897 hoc,
1214 814 1243 880 si
1271 830 1351 897 opus

162 918 268 1003 111111,
292 920 410 987 auxilio
431 920 553 987 brachii
576 920 757 988 saecularis.

268 1026 340 1092 Non
363 1026 560 1093 obstantibus
575 1031 642 1093 tam
663 1026 765 1093 felicis
783 1026 1012 1093 recordationis
1031 1025 1186 1092 Bonifatii
1204 1025 1238 1091 P.
1254 1024 1350 1105 VIII,

161 1130 417 1215 praedecessoris
431 1132 540 1213 nostri,
556 1131 717 1214 inquibus
733 1137 872 1213 cavetur,
884 1150 925 1198 11
940 1132 1055 1214 aliquis
1071 1135 1160 1198 extra
1172 1150 1262 1197 snam
1277 1130 1353 1197 civi·

162 1238 262 1300 tatem
270 1236 491 1317 etdioecesim,
499 1235 602 1301 nisiin
611 1237 706 1302 certis
714 1238 855 1319 exceptis
864 1237 1000 1316 casibus,
1012 1236 1084 1301 etin
1092 1235 1157 1301 illis
1168 1236 1354 1301 ultraunam

164 1340 303 1407 diaetam
317 1338 409 1407 atine
420 1358 498 1406 suae
510 1340 691 1407 dioeceseos
702 1342 743 1407 ad
750 1342 907 1425 judicium
919 1346 1084 1421 evocetur3
1103 1359 1169 1422 seu,
1181 1360 1221 1407 ne
1229 1341 1354 1425 judices

165 1449 197 1510 at
213 1450 450 1511 conservatores
464 1464 483 1510 a
499 1445 575 1511 sede
589 1446 734 1530 deputati
747 1446 912 1529 praedicta
927 1451 1017 1512 extra
1030 1447 1192 1513 civitatem
1214 1451 1247 1511 et
1268 1446 1354 1511 dioe-

164 1550 271 1630 cesim,
293 1550 326 1616 in
349 1550 463 1633 quibus
486 1550 629 1634 deputati
650 1550 777 1632 fuerint,
802 1555 911 1616 contra
941 1569 1145 1635 quoscunque
1170 1534 1352 1634 procedere,

164 1655 232 1719 sive
253 1654 308 1720 alii
330 1656 382 1721 vel
403 1656 474 1721 aliis
497 1658 584 1723 vices
607 1674 681 1721 suas
704 1655 917 1733 committere;
940 1655 991 1719 vel
1016 1655 1139 1737 aliquos
1153 1656 1239 1721 ultra
1257 1673 1353 1721 unam

163 1758 303 1825 diaetam
326 1779 345 1825 a
366 1758 428 1825 fine
443 1760 597 1827 dioecesis
613 1760 795 1827 eorumdem
809 1759 936 1825 trahere
950 1764 1161 1857 praesumant,
1185 1760 1353 1825 dummodo

163 1863 247 1929 ultra
267 1868 333 1929 tres
357 1864 479 1931 diaetas
502 1866 619 1949 aliquis
646 1864 836 1930 auctoritate
857 1865 1071 1947 praesentium
1100 1883 1162 1930 non
1191 1865 1352 1944 trahatur3

164 1986 221 2033 seu
244 1968 327 2051 quod
349 1969 389 2033 de
411 1970 491 2051 aliis,
522 1988 604 2053 quae
622 1969 806 2053 judicialem
829 1968 994 2051 requirunt
1022 1969 1212 2051 indaginem,
1243 1969 1354 2052 poenis
1453 2054 1456 2060 Ι

162 2073 284 2153 ineos,
319 2073 346 2138 si
369 2092 460 2139 secus
484 2074 616 2157 egerint,
647 2074 734 2139 etin
755 2073 789 2138 id
819 2079 1025 2155 procurantes
1055 2074 1197 2156 adjectis,
1229 2092 1355 2140 conser-

162 2182 289 2243 vatores
304 2196 339 2243 se
352 2180 531 2245 nullatenus
545 2178 757 2245 intromittant
770 2216 815 2225 -
828 2196 924 2260 quam
939 2178 1011 2243 aliis
1026 2178 1266 2261 quibuscunque
1282 2197 1355 2244 con-

163 2282 380 2349 stitutionibus
417 2303 436 2349 a
471 2284 767 2366 praedecessoribus
800 2283 928 2363 nostris,
965 2282 1116 2350 Romanis
1142 2281 1353 2368 pontificibus,

162 2390 229 2453 tam
258 2387 299 2453 de
324 2388 486 2471 judicibus
516 2388 671 2470 delegatis
706 2392 738 2453 11
767 2388 1051 2471 conservatoribus,
1085 2408 1179 2471 quam
1211 2389 1355 2471 personis

162 2491 246 2557 ultra
270 2496 389 2558 certum
403 2511 568 2559 numerum
584 2494 625 2559 ad
643 2493 799 2577 judicium
816 2512 880 2558 non
890 2493 1050 2575 vocandis,
1073 2496 1130 2559 ant
1144 2494 1215 2559 11111
1231 2493 1353 2572 edictis,

163 2615 245 2677 quae
279 2602 404 2663 vestrae
426 2604 557 2682 possent
578 2600 611 2665 in
639 2598 700 2663 hac
732 2602 823 2681 parte
856 2599 1069 2683 Jurisdictioni
1106 2604 1162 2665 aut
1193 2598 1353 2682 potestati,

163 2700 295 2783 ejusque
316 2702 415 2768 libero
438 2705 589 2769 exercitio
611 2702 847 2786 quomodolibet
869 2703 1013 2782 obviare;
1045 2720 1111 2784 seu,
1136 2703 1163 2769 si
1193 2702 1352 2785 aliquibus

163 2806 370 2871 communiter
391 2809 442 2873 vel
463 2808 590 2875 divisim
613 2828 632 2873 a
654 2808 817 2891 praedicta
839 2807 882 2873 sit
903 2807 979 2872 sede
1000 2807 1167 2887 indultum,
1200 2806 1285 2889 quod
1306 2807 1353 2871 in-

162 2908 285 2991 terdici,
316 2912 466 2994 suspendi
495 2913 546 2978 vel
577 2912 850 2991 excommunicari,
881 2930 938 2977 seu
969 2916 1057 2979 extra
1087 2911 1138 2977 vel
1161 2912 1244 2977 ultra
1268 2914 1354 2976 certa

161 3013 232 3077 loca
252 3014 293 3078 ad
310 3016 467 3099 judicium
489 3019 614 3083 evocari
628 3036 691 3082 non
706 3017 838 3099 possint,
862 3034 919 3099 per
932 3016 1056 3081 litteras
1072 3016 1274 3098 apostolicas,
1290 3033 1352 3080 non

162 3115 315 3184 facientes
336 3120 462 3203 plenam
485 3126 517 3187 11
547 3140 731 3204 expressam
759 3140 796 3186 ac
830 3120 870 3184 de
892 3121 988 3186 verbo
1018 3121 1059 3185 ad
1088 3122 1219 3186 verbum
1245 3120 1285 3184 de
1306 3120 1353 3184 in-

163 3220 252 3286 dulto
282 3221 462 3306 hujusmodi
496 3230 528 3292 et
568 3244 676 3292 eorum
698 3226 851 3308 personis,
881 3224 970 3305 locis,
1001 3224 1173 3304 ordinibus,
1201 3228 1234 3290 et
1254 3225 1353 3289 nomi-

163 3325 256 3391 nibus
285 3329 421 3410 propriis
451 3331 657 3409 mentionem3
688 3334 721 3395 11
754 3330 895 3412 qualibet
923 3328 986 3394 alia
1008 3328 1112 3394 1111111
1143 3329 1230 3394 sedis
1251 3328 1354 3394 indul-

164 3430 272 3511 gentia
294 3434 433 3513 generali
456 3435 507 3500 vel
522 3433 662 3518 speciali,
679 3437 894 3518 qu'uscunque
908 3433 1028 3499 tenoris
1044 3434 1168 3514 existat,
1191 3452 1354 3515 perquam

162 3536 383 3616 praesentibus
415 3556 477 3603 non
511 3557 693 3621 expressam
722 3540 774 3605 vel
801 3539 943 3604 totaliter
964 3556 1027 3603 non
1055 3539 1207 3604 insertam
1228 3541 1353 3602 vestrae

160 3638 391 3721 jurisdictionis
413 3643 583 3727 explicatio
606 3645 639 3709 in
662 3642 722 3710 hac
744 3647 843 3727 parte¹
857 3644 963 3709 valeat
992 3640 1226 3725 quomodolibet
1254 3641 1353 3723 impe-

163 3740 225 3806 diri
248 3746 281 3807 11
302 3743 343 3808 de
366 3762 427 3826 qua
450 3746 603 3831 cujusque
624 3751 691 3813 1111
714 3751 824 3813 111111
855 3766 893 3812 11
916 3747 956 3813 de
978 3747 1074 3813 verbo
1105 3745 1146 3811 ad
1168 3745 1300 3812 verbum
1320 3746 1354 3809 in

161 3847 279 3913 nostris
301 3848 402 3914 literis
424 3849 569 3918 habenda
592 3854 634 3918 sit
655 3852 772 3918 mentio
796 3852 953 3935 specialis.

268 3950 397 4019 Certum
418 3956 563 4022 volumus
586 3961 618 4022 11
643 3957 818 4040 apostolica
832 3956 1022 4022 auctoritate
1036 3953 1245 4035 decernimus,
1269 3954 1354 4037 quod

163 4054 297 4138 quilibet
317 4062 457 4124 vestrum
479 4061 755 4142 prosequi·valeat
778 4060 946 4126 articulum
977 4059 1072 4125 111111
1094 4078 1152 4142 per
1179 4060 1278 4125 alium
1306 4061 1353 4124 in-

164 4158 319 4240 choatum,
343 4162 486 4243 quamvis
508 4162 593 4227 idem
615 4164 765 4228 inchoans
787 4164 873 4229 nullo
896 4164 991 4229 fuerit
1012 4165 1237 4246 impedimento
1261 4182 1353 4229 cano-

163 4264 234 4329 nico
256 4265 469 4347 praepeditus,
493 4266 640 4349 quodque
663 4286 682 4331 a
705 4267 780 4333 dato
803 4268 1017 4351 praesentium
1039 4269 1081 4333 sit
1113 4269 1202 4334 vobis
1230 4272 1263 4333 et
1284 4268 1353 4333 uni-

163 4388 287 4452 cunque
308 4374 449 4435 vestrum
470 4372 503 4436 in
525 4372 708 4455 praemissis
731 4373 876 4439 omnibus
899 4378 931 4439 et
946 4391 1054 4438 eorum
1074 4373 1216 4455 singulis,
1233 4373 1354 4456 coeptis
