3225 5017
252 254 285 302 40
473 248 530 321 Cap
548 250 568 302 I.
585 246 641 303 Res
660 248 694 302 ad
711 250 788 317 regni
805 248 1067 303 administrationem
1086 217 1249 319 spectantes.

71 464 80 485 ι’
112 444 113 447 ’
139 464 140 473 ’
169 460 176 515 f
253 442 480 527 venationibus,
503 442 741 524 piscationibus,
765 443 948 525 piscaturis,
972 445 1234 527 aucupationibus
1256 451 1289 511 et
1304 448 1448 513 omnibus

107 566 108 577 ¹
253 548 439 631 simpliciter
460 548 601 631 ipsorum
623 548 832 629 pertinentiis,
865 547 1104 632 quibuscunque
1135 550 1326 632 specialibus
1347 552 1448 615 nomi-

252 653 345 719 nibus
364 652 491 717 valeant
513 652 676 735 appellari,
699 653 732 717 in
746 652 876 717 feudum
891 654 997 719 nobile
1010 654 1096 737 justo
1113 659 1145 719 11
1166 655 1340 721 theutonici
1361 654 1448 720 feudi

251 758 353 837 titulo,
385 757 468 822 sicut
490 756 602 821 eadem
624 756 842 839 progenitores
864 758 964 822 nostri
994 762 1027 823 11
1055 778 1112 823 nos
1134 760 1287 827 hactenus
1307 762 1448 826 tenuisse

252 861 474 945 dignoscimur,
505 860 596 927 nobis
626 866 658 926 et
680 860 906 927 heredibuset
928 864 1164 930 successoribus
1185 866 1301 931 nostris
1322 866 1356 929 in
1377 884 1448 947 per-

252 962 383 1050 petuum
405 964 494 1031 dedit
517 969 549 1031 ct
571 966 704 1032 contulit
726 971 758 1033 11
780 967 916 1032 donavit.
940 966 1121 1033 Decemens
1144 974 1176 1034 11
1197 972 1283 1052 regio
1306 974 1448 1036 statuens

253 1071 365 1153 edicto,
401 1070 487 1153 quod
515 1089 582 1151 nos,
616 1070 751 1137 heredes
781 1076 814 1137 et
843 1090 1042 1138 successores
1070 1074 1171 1139 nostri
1199 1076 1232 1142 in
1260 1080 1448 1160 perpetuum

176 1170 177 1173 ’
252 1176 434 1259 supradicta
454 1174 550 1241 feuda
582 1179 614 1240 et
644 1194 752 1242 omnes
784 1196 893 1242 aarum
923 1178 1130 1260 pertinentias
1160 1179 1200 1243 ab
1230 1180 1305 1268 ipso,
1322 1180 1448 1245 domino

249 1284 357 1346 nostro
386 1297 471 1363 rege,
501 1280 671 1345 heredibus
702 1284 734 1345 et
765 1282 1002 1348 successoribus
1032 1283 1099 1348 suis
1124 1284 1253 1365 regibus
1275 1284 1448 1350 Bohemiae

251 1392 284 1451 et
305 1405 324 1451 a
346 1403 461 1451 corona
482 1386 572 1468 regni
587 1384 759 1477 Bphcmiae
783 1386 935 1469 praefatis
957 1386 1129 1453 debeamus
1150 1393 1260 1453 1111111
1282 1393 1315 1453 11
1337 1389 1447 1455 eadem

251 1490 374 1574 quoties
397 1494 607 1572 opportunum
628 1488 725 1555 fuerit
741 1491 834 1574 juxta
852 1510 975 1557 morem
995 1494 1166 1577 suscipere,
1189 1494 1299 1575 eisque
1321 1494 1454 1575 omagii,¹

251 1596 459 1676 obedientiae,
496 1596 701 1678 subjectionis
732 1599 765 1661 ct
786 1594 950 1662 fidelitatis
979 1604 1143 1680 praestare
1173 1603 1206 1664 11
1233 1598 1338 1664 facere
1360 1617 1447 1663 more

251 1700 343 1767 solito
367 1699 542 1785 corporalia
568 1700 757 1783 juramenta.
803 1700 870 1766 Nos
899 1702 1008 1785 itaque
1038 1703 1179 1769 eiusdem
1207 1704 1325 1768 domini
1346 1705 1446 1769 nostri

248 1806 334 1887 regis
357 1804 563 1888 dispositione
594 1808 628 1869 et
650 1804 777 1869 decreto
808 1805 921 1888 inhis
951 1810 984 1871 et
1009 1806 1082 1871 aliis
1104 1807 1297 1889 quibuslibet
1319 1808 1447 1874 obedire

155 1910 156 1913 ’
249 1910 412 1975 humiliter
431 1910 603 1993 cupientes,
626 1928 684 1993 pro
702 1910 802 1989 nobis,
826 1909 996 1975 heredibus
1019 1914 1051 1974 et
1073 1910 1308 1977 successoribus
1330 1914 1447 1977 nostris

250 2014 462 2097 promittimus
486 2014 568 2102 bona
587 2017 620 2079 et
635 2014 758 2079 sincera
773 2012 845 2094 fide,
868 2014 954 2097 quod
975 2015 1051 2080 dum
1073 2020 1105 2081 et
1126 2016 1250 2098 quoties
1265 2016 1447 2098 supradicta

249 2117 344 2195 feuda
367 2122 399 2183 et
419 2119 561 2201 ipsorum
583 2118 794 2200 pertinentiae
816 2119 1000 2184 vacaverint
1029 2123 1062 2184 et
1090 2119 1213 2200 quoties
1236 2124 1446 2203 oppurtunum

249 2222 354 2303 fuerit,
384 2223 454 2313 ipsa
483 2242 502 2287 a
533 2223 659 2305 saepius
691 2222 775 2289 dicto
807 2222 933 2289 dominu
963 2227 1071 2288 nostro
1099 2242 1184 2305 rege,
1214 2224 1384 2289 heredibus
1414 2228 1448 2288 et

150 2388 154 2401 „
250 2327 485 2393 successoribus
509 2328 575 2393 suis
599 2328 726 2410 regibus
749 2327 923 2394 Bohemiae
952 2332 985 2393 et
1010 2348 1030 2393 a
1053 2347 1167 2394 corona
1188 2330 1277 2411 regni
1299 2328 1444 2410 praefati,

253 2431 404 2498 adhibitis
420 2430 535 2497 debitis
551 2432 812 2513 solemnitatibus
836 2434 970 2498 velimus
986 2436 1019 2498 11
1033 2431 1205 2499 debeamus
1220 2434 1312 2517 juxta
1325 2452 1445 2497 morem

250 2536 421 2618 suscipere,
452 2536 561 2618 eisque
582 2540 746 2619 praestare
776 2541 809 2601 et
830 2537 936 2604 facere
965 2538 1156 2620 homagium,
1187 2538 1388 2605 obedientiae
1410 2540 1444 2603 et

250 2639 453 2723 subjectionis
475 2658 513 2707 ac
535 2638 700 2707 fidelitatis
720 2642 909 2724 juramenta.

352 2760 471 2827 Datum
491 2763 614 2845 Pragac
636 2784 665 2833 a.
690 2764 783 2831 1352.

354 2952 416 3006 List
426 2952 584 3021 Albrechta,
601 2941 742 3008 Fridricha
760 2970 777 3009 a
795 2955 918 3009 Jetiicha
935 2954 1022 3010 brabii
1038 2974 1053 3008 z
1071 2937 1251 3023 Sumburgka,
1266 2954 1333 3022 jimi
1345 2957 1444 3025 vyzna'-

251 3038 315 3106 vaji,
338 3040 369 3092 ie
387 3040 484 3092 zamelr
501 3040 671 3097 Birsenstein
689 3058 706 3095 a
723 3042 862 3111 Egerberg
886 3040 922 3096 od
939 3041 1036 3097 kraldv
1054 3042 1173 3113 deskych
1193 3041 1248 3112 pod
1265 3041 1327 3095 leno
1345 3041 1444 3111 piiqui.

151 3200 152 3203 Ἴ
248 3123 351 3179 Datum
370 3131 446 3181 1352.
466 3124 557 3194 (Arch.
576 3127 691 3183 Karlst.:
710 3130 855 3197 Manstvi.)

354 3352 402 3417 16.
427 3352 688 3421 Hohenstein
711 3360 900 3426 castrum.
944 3353 1036 3421 1353.
1075 3355 1141 3423 Nos
1163 3356 1266 3423 Hinco
1289 3357 1328 3422 de
1351 3358 1443 3423 Dube

250 3456 353 3529 dictus
376 3456 481 3522 Barka
502 3464 613 3525 notum
633 3460 767 3525 facimus
791 3510 797 3525 .
818 3461 830 3525 ⁷.
856 3512 863 3527 .
888 3459 972 3544 quod
993 3480 1051 3527 nos
1074 3512 1081 3525 .
1106 3512 1113 3527 .
1142 3466 1280 3544 castrum
1301 3467 1444 3529 nostrum

249 3580 320 3627 cum
343 3563 487 3628 omnibus
513 3566 638 3647 juribus
670 3568 702 3629 11
730 3565 929 3646 pertinentiis
960 3566 1026 3629 suis
1056 3566 1221 3646 universis,
1251 3567 1284 3631 in
1313 3566 1445 3650 quibus,

249 3684 371 3749 cunque
400 3667 478 3733 lucis
502 3670 647 3750 existant,
679 3687 735 3733 seu
765 3669 1005 3753 quibuscunque
1034 3670 1213 3736 nominibus
1245 3675 1442 3752 censeantur,

248 3771 445 3853 suscepimus
468 3771 501 3836 in
522 3770 651 3836 feudum
674 3790 693 3836 a
716 3822 722 3837 .
748 3822 754 3837 .
781 3772 893 3838 Carolo
916 3823 923 3838 .
950 3824 957 3839 .
981 3792 1066 3855 rege,
1096 3775 1315 3856 promittentes
1337 3776 1370 3840 in
1392 3775 1442 3841 his

248 3874 375 3957 scriptis
414 3875 497 3941 bona
530 3872 593 3939 fide
628 3874 747 3942 dictum
787 3881 927 3942 castrum
959 3877 1156 3942 Hohenstein
1193 3897 1265 3942 cum
1298 3880 1443 3944 omnibus

244 3979 369 4062 juribus
399 3982 432 4043 11
459 3979 658 4061 pertinentiis
682 3982 748 4046 suis
771 3983 963 4065 supradictis
994 4002 1013 4046 a
1044 3982 1128 4046 dicto
1151 3980 1277 4047 domiuo
1306 4001 1381 4063 rege
1410 3987 1444 4047 et

199 4170 206 4185 α
249 4101 363 4147 corona
385 4082 475 4164 regni
496 4082 668 4150 Bohemiae
689 4089 798 4151 tenere
822 4090 854 4150 11
875 4085 1041 4169 possidere
1062 4086 1225 4168 perpetuis
1256 4086 1289 4151 in
1311 4086 1442 4151 feudum

249 4186 394 4252 affuturis
416 4188 619 4268 temporibus

351 4308 471 4374 Datum
494 4313 526 4374 et
547 4314 651 4376 actum
673 4310 803 4391 Pragae.
