3225 5017
394 342 414 386 J
478 332 544 402 Cap.
561 331 609 386 111.
626 330 682 388 Res
700 330 840 387 militares.
1069 406 1071 411 ¹
1202 334 1250 382 121

64 525 147 591 sicut
175 523 347 606 expediens
377 524 556 609 decensque
584 524 689 604 fuerit,
716 525 971 608 circumquaque,
993 507 1114 590 necnon
1137 529 1170 590 et
1189 526 1253 590 tos-

65 633 168 695 satum
184 627 326 694 decentis
341 627 565 709 profunditatis
580 632 613 693 ct
627 626 845 710 amplitudinis
857 627 975 694 circum
989 645 1096 693 muros
1111 628 1254 712 ejusdem

63 732 203 798 civitatis
226 731 385 813 effodiant,
409 736 446 804 et,
464 750 565 815 sepes
579 733 648 798 loco
671 731 830 798 barcheni'
851 732 1036 815 consopiant
1056 733 1089 798 in
1111 733 1254 816 ejusdcm

65 836 179 903 fossati
201 835 380 918 supercilio,
403 835 544 920 undique
566 835 712 902 similiter
734 835 820 902 circa
839 853 956 902 muros.

168 939 220 1006 Ad
241 939 302 1006 boc
323 944 360 1006 ut
380 939 515 1024 praefati
537 939 754 1008 abundatioris
774 941 897 1024 gratiae
910 937 1125 1008 munificentia
1139 941 1253 1008 collae-

62 1049 171 1112 tentur
201 1049 234 1112 et
253 1049 342 1112 tanto
372 1045 486 1112 melius
518 1043 696 1128 praelatum
722 1063 801 1128 opus
830 1063 991 1112 murorum
1013 1049 1046 1112 et
1065 1043 1177 1112 fossati
1198 1065 1253 1112 va-

63 1150 152 1220 leant
173 1151 397 1234 percomplere,
417 1149 574 1234 judicium
593 1149 735 1217 civitatis
755 1148 858 1233 ipsius
873 1149 1053 1234 praedictos
1067 1154 1133 1216 bos
1155 1169 1253 1216 annos

64 1255 186 1321 eisdem
215 1254 363 1321 duximus
392 1255 514 1323 civibus
544 1254 787 1335 concedendum,
821 1259 858 1321 ut
884 1254 967 1322 inira
998 1255 1084 1321 idem
1117 1255 1254 1338 spatium

62 1359 191 1428 fructus·
209 1377 248 1425 cx
271 1378 308 1426 oo
331 1359 508 1444 percipiant
530 1363 563 1426 et
582 1363 755 1444 proventus
775 1377 840 1426 eos
867 1360 901 1427 in
929 1359 1064 1445 praefati
1085 1359 1256 1426 utilitatem
1348 1444 1350 1453 y

67 1464 174 1547 operis
197 1467 389 1531 convertant.
939 1494 940 1499 ¹

169 1603 248 1670 (bimi.
267 1601 304 1656 II.
323 1605 411 1670 2399.)

168 1775 236 1843 Nos
252 1774 289 1842 Ο.
306 1813 349 1824 -
371 1775 416 1842 Ut
433 1777 525 1860 juxta
547 1795 656 1843 eorum
677 1778 874 1860 propositum
896 1777 975 1844 satis
989 1777 1166 1861 providum,
1188 1798 1254 1844 am-

62 1881 135 1948 bitu
156 1899 318 1948 mmmmm
339 1880 411 1964 ipsa
433 1881 545 1947 civitas
566 1880 734 1948 muniatur.
758 1883 934 1966 Dispositio
947 1900 1074 1966 quoquc
1095 1901 1255 1948 murorum

64 1986 206 2052 civitatis
234 1985 268 2052 in
297 1985 397 2052 altum
427 1985 597 2052 extendere
625 1990 658 2051 et
687 1987 851 2070 inlatum,
881 1985 1146 2071 quemadmodum
1173 1986 1257 2054 muri

64 2089 281 2172 colonienses,
310 2108 383 2156 cum
404 2089 545 2157 turribus
574 2089 767 2172 obrotundis,
796 2091 844 2157 ita
873 2091 957 2176 quod
980 2095 1045 2158 tres
1066 2095 1170 2158 turres
1192 2091 1257 2157 sint

63 2195 192 2280 positae
213 2213 310 2279 snpra
332 2197 440 2278 portas
470 2194 583 2260 dantes
605 2194 708 2260 exitus
731 2195 837 2262 aditus
864 2196 996 2280 civitati,
1025 2197 1144 2264 iterna
1165 2200 1257 2280 parto

64 2317 222 2384 aquarum
243 2303 380 2382 ponatur
401 2298 527 2382 portua
549 2317 612 2365 una
633 2317 739 2382 parva.
822 2284 825 2292 ¹

172 2437 251 2506 (nar.
269 2437 306 2494 11.
324 2439 412 2506 2394.)

170 2611 236 2679 Nos
258 2611 308 2678 W.
332 2611 392 2696 (Π)
414 2612 476 2678 Dei
499 2612 602 2695 gratia
623 2630 679 2679 rex
701 2611 851 2680 Boemiae
872 2619 906 2680 et
932 2614 1073 2680 marchio
1095 2612 1257 2680 Moraviao

64 2720 177 2782 notum
205 2716 340 2784 facimus
370 2718 526 2784 universis
556 2767 672 2799 ....,
706 2718 791 2800 quod
824 2719 988 2801 cupientes
1017 2718 1060 2783 ad
1091 2717 1152 2784 hoc
1181 2719 1257 2784 dare

64 2839 206 2906 operam,
235 2825 273 2888 ut
293 2822 431 2889 civitatis
453 2821 590 2888 Nostrae
611 2819 712 2887 Sacz
741 2839 902 2887 murorum
923 2822 1070 2905 ambitus,
1098 2823 1155 2890 ubi
1176 2823 1258 2888 indi-

65 2925 182 3010 guerit,
211 2930 385 3010 reparetur,
416 2926 555 2992 civitatis
577 2925 679 3008 ipsius
701 2925 824 2994 civibus
847 2926 1051 2993 obventiones
1067 2927 1182 3012 judicii
1204 2927 1259 2994 da-

64 3047 139 3096 mus
168 3034 201 3096 et
223 3031 433 3110 concedimus,
464 3047 503 3096 ac
531 3047 586 3096 cos
608 3049 629 3095 a
650 3029 807 3096 solutione
836 3034 964 3096 steurae
993 3036 1027 3098 et
1048 3033 1200 3099 collectae
1221 3049 1259 3098 ac

66 3152 192 3215 census,
215 3135 270 3220 qni
291 3135 391 3203 Nobis
413 3135 504 3202 anuis
528 3135 660 3218 singulis
683 3153 741 3220 per
761 3135 849 3219 ipsos
871 3135 958 3201 cives
979 3135 1021 3201 de
1038 3136 1124 3220 agris
1140 3141 1173 3202 et
1186 3155 1259 3220 pos-

66 3239 263 3306 sessionibus
292 3241 342 3306 ad
364 3240 496 3307 candem
526 3240 688 3307 civitatem
717 3241 947 3324 pertinentibus
972 3240 1064 3307 reddi
1086 3241 1258 3322 consucvit,

65 3363 88 3410 a
120 3343 197 3410 data
224 3345 439 3428 praesentium
468 3361 569 3429 usque
598 3345 640 3411 ad
668 3344 784 3410 festum
812 3345 843 3411 b.
874 3343 1040 3411 Michaelis
1072 3363 1156 3411 nunc
1185 3364 1259 3413 ven-

66 3451 176 3514 turum
197 3452 230 3514 ct
250 3448 367 3514 abinde
381 3468 439 3533 per
453 3448 586 3515 duorum
601 3469 755 3516 annorum
769 3450 907 3533 spatium
925 3451 1173 3533 percompletum
1187 3449 1259 3515 red·

67 3552 174 3617 dimus
202 3552 318 3620 liberos
341 3557 374 3618 et
394 3554 548 3636 inmunes,
578 3554 730 3635 volentes,
760 3557 798 3618 ut
823 3571 894 3619 cum
915 3555 1121 3637 proventibus
1146 3553 1259 3637 judicii

67 3660 103 3721 et
132 3674 228 3723 censu
258 3657 395 3724 civitatis
424 3658 587 3742 praefatae
614 3659 712 3725 iidem
741 3657 838 3739 cives,
868 3661 962 3740 prout
983 3677 1092 3725 eorum
1112 3658 1259 3740 legalitas

67 3760 177 3842 exigit,
207 3760 290 3828 inira
319 3763 396 3830 dicti
425 3764 578 3847 temporis
608 3763 746 3846 spatium
774 3779 882 3828 muros
912 3762 1037 3829 omnino
1058 3767 1205 3847 reparent
1227 3766 1260 3828 ct

66 3862 249 3931 reforment.

175 3999 265 4072 (Vcipr
282 3999 419 4070 CXXIII.)
