3225 5017
350 311 352 320 ¹
484 301 549 370 (lap.
566 299 601 356 X.
627 299 735 357 Statuta
752 298 944 369 operariorum.
1257 302 1308 351 303

117 500 202 565 dom.
226 496 397 583 (Otakari),
420 495 495 562 olim
516 496 623 579 patris
638 494 756 561 Nostri.
781 492 934 560 Volumus
949 494 1055 573 etlam,
1076 491 1161 575 quod
1176 492 1312 575 praefati

119 604 353 671 examinatores
368 602 528 684 magistris
543 603 690 667 monetae
711 599 843 666 subesse
864 599 1000 665 debeant
1021 602 1055 665 et
1074 615 1203 680 parere,
1218 600 1315 680 prout

121 712 307 775 consuetum
328 708 391 774 fuit
412 707 488 773 olim
509 707 543 773 in
564 706 709 776 omnibus
731 724 814 789 quae
835 704 980 771 decentia
1000 702 1138 783 fuerunt,
1161 705 1314 786 quantum

122 814 164 881 ad
185 814 271 881 idem
299 810 440 879 officium
463 812 614 900 ¹pertinet.
637 810 704 895 Ipsi
726 808 998 892 autem'magistri
1019 812 1164 878 monebo
1185 805 1314 873 eosdem

122 920 355 987 examinatores
375 936 439 983 non
460 916 674 983 molestabunt
693 928 796 998 neque
809 914 994 997 gravabunt
1014 912 1166 993 indebita,
1189 911 1246 977 sed
1275 928 1314 975 eo

118 1025 193 1110 jure
214 1041 316 1107 eaque
339 1020 575 1102 cousuetudine,
592 1020 706 1104 quibus
721 1020 823 1087 tenen
842 1019 957 1085 debeat
970 1017 1200 1094 examinatores
1215 1034 1235 1080 a
1248 1032 1316 1081 ma·

123 1130 232 1212 gistris
245 1130 401 1209 moneas,
412 1127 565 1194 tenebunt
583 1124 711 1193 eosdem
726 1128 759 1189 et
772 1144 831 1207 per
851 1124 937 1191 vitae
952 1123 1069 1189 Nostra
1083 1126 1227 1204 tempora
1241 1138 1316 1185 con-

124 1234 303 1301 servabimt
320 1232 364 1299 Et
377 1231 463 1317 quod
476 1229 621 1312 magistri
636 1230 798 1312 assignent
812 1227 891 1312 ipsis
902 1228 1050 1304 denarios
1061 1227 1131 1295 sine
1141 1224 1316 1292 eorundum

125 1338 376 1405 examinatorum
399 1336 533 1419 dampno
556 1334 607 1402 vel
630 1334 796 1419 dispendio
819 1332 1054 1417 permutandos.
1095 1329 1316 1397 Interdicimus

114 1446 235 1509 autem
263 1478 307 1489 -
335 1440 503 1507 aurifabris
532 1439 701 1522 Pragensis
732 1437 870 1503 civitatis
908 1440 940 1501 et
967 1435 1039 1504 aliis
1068 1435 1317 1518 quibuscunque,

126 1547 212 1631 quod
233 1550 399 1629 argentum
421 1544 571 1627 deinceps
594 1543 774 1610 examinare
795 1560 858 1607 non
881 1542 1018 1611 debeant
1031 1559 1090 1607 nec
1104 1542 1316 1624 praesumant

231 1648 265 1716 si
287 1650 359 1734 quis
388 1653 495 1716 autem
523 1649 556 1715 in
571 1651 698 1715 tantam
726 1646 906 1731 proruperit
926 1645 1117 1712 temeritatis
1142 1644 1317 1723 audaciam,

126 1758 163 1824 ut
184 1754 331 1838 posthoc
346 1754 465 1821 dictum
487 1756 653 1835 argentum
671 1751 852 1819 examinare
866 1754 1058 1835 praesumat,
1073 1750 1219 1816 uolumus
1233 1748 1319 1830 quod

126 1863 301 1941 argeutum,
319 1859 403 1942 quod
419 1858 655 1939 examinaverit,
670 1858 797 1925 amIttat
812 1861 844 1923 et
858 1857 893 1925 id
909 1874 1053 1923 camarae
1065 1854 1203 1921 Nostrae
1217 1853 1319 1941 cedat,

127 1967 160 2029 et
188 1964 319 2048 iusuper
340 1964 374 2030 in
396 1954 506 2030 decem
524 1963 647 2029 marcis
669 1964 793 2044 argenti
815 1961 917 2029 Nobis
938 1978 1060 2043 poenae
1080 1958 1208 2030 nomine
1228 1958 1320 2041 puni-

127 2072 207 2137 atur.
535 2084 574 2151 (n
589 2084 644 2137 cod.
663 2082 821 2152 Rapiomoot.
844 2082 925 2151 Vespr.
943 2112 977 2121 -
994 2081 1130 2149 8111111119
1152 2080 1214 2135 Uria
1233 2079 1286 2147 16.)

233 2261 263 2326 3.
287 2260 349 2325 De
376 2259 663 2326 combustione
685 2258 775 2323 auri
799 2260 894 2324 1314.
920 2260 970 2324 14.
993 2257 1086 2323 Dec.

231 2382 298 2447 Nos
320 2382 483 2464 -jurati
505 2382 590 2447 cives
612 2380 782 2463 Prageusis
806 2380 946 2447 civitatis
969 2384 1079 2445 notum
1105 2376 1238 2443 facimus
1262 2426 1322 2443 ...

127 2486 214 2568 qued
242 2503 300 2551 uos
329 2506 349 2551 a
378 2486 477 2569 jurati
507 2486 762 2553 antecessoribus
794 2485 922 2565 nostris,
955 2483 1076 2550 civibus
1098 2482 1321 2565 Ptagensibus,

128 2595 250 2656 statuta
271 2592 450 2674 recepimus
474 2590 556 2656 infra
577 2591 715 2673 scripta:
799 2656 801 2660 .

235 2697 262 2760 1.
287 2694 416 2761 Scilicet
444 2700 481 2760 ut
510 2695 668 2760 chrious
698 2694 802 2763 dictus
830 2691 959 2759 Rauber
988 2692 1103 2759 debeat
1130 2711 1188 2775 per
1217 2710 1252 2758 se
1272 2691 1323 2757 vel

129 2818 223 2865 suum
244 2798 407 2868 subditum
431 2799 594 2881 quodlibet
616 2818 738 2881 aurum,
761 2800 831 2865 sive
845 2798 962 2865 civium
976 2797 1074 2864 luerIt
1086 2798 1138 2865 uel
1152 2797 1322 2881 hospitum,

130 2903 314 2985 conburere,
338 2908 371 2971 et
391 2904 528 2987 ipsemet
557 2922 620 2969 nou
649 2905 745 2971 debet
770 2922 875 2969 emere
896 2922 956 2969 nce
977 2903 1115 2969 vendere
1135 2922 1256 2970 aurum.
1291 2905 1321 2969 2.

130 3009 236 3075 Debet
259 3008 355 3074 etiam
371 3008 442 3091 ipse
455 3007 613 3075 Hemious
634 3012 751 3075 testam
771 3008 882 3076 riualis
903 3010 973 3075 auri
987 3007 1029 3076 ad
1043 3007 1214 3074 utilitatem
1227 3008 1323 3087 illius,
1417 3057 1419 3060 -

131 3116 221 3197 cujus
244 3118 294 3179 est
316 3132 437 3194 aurum,
463 3118 653 3195 convertere,
676 3115 728 3180 vel
749 3114 805 3179 ille
827 3113 913 3179 solus
944 3116 1108 3194 convertat
1130 3112 1258 3180 sibimet
1282 3113 1324 3179 ad

130 3217 302 3286 utilitatem
320 3236 426 3284 coram
440 3217 578 3287 Heurico
594 3220 765 3303 praedicto.
790 3222 820 3285 3.
843 3218 993 3283 Praetcra
1003 3218 1032 3283 si
1043 3217 1152 3283 dictus
1167 3216 1324 3284 Hemicus

131 3322 319 3389 conbustum
331 3342 444 3389 aurum
456 3324 610 3405 conburit,
622 3324 717 3391 debet
728 3328 835 3407 guttas
847 3323 917 3389 auri
929 3324 1214 3404 detestaevellere,
1229 3342 1325 3406 quam

130 3429 246 3491 testam
267 3446 325 3509 pro
348 3445 383 3494 se
405 3432 545 3510 reponat.
590 3430 620 3512 4.
644 3429 815 3495 Praeterea
837 3428 922 3492 dicto
943 3426 1095 3494 Heinrico
1118 3427 1235 3495 debent
1256 3429 1325 3495 dari

132 3530 173 3596 de
194 3549 302 3597 marca
330 3531 439 3597 rivalis
469 3532 549 3614 auri,
574 3551 655 3617 quae
683 3553 741 3616 per
763 3553 835 3599 eum
858 3532 1058 3614 conburatur,
1081 3552 1137 3600 sex
1159 3533 1249 3616 parvi
1271 3533 1325 3599 de·

135 3636 217 3702 narii
239 3636 425 3717 Pragenses.
471 3635 501 3703 5.
524 3638 605 3706 Item
628 3637 668 3703 de
690 3657 797 3704 marca
826 3636 982 3703 combusti
1008 3639 1079 3703 arui
1100 3637 1136 3702 iii
1158 3636 1249 3719 parvi
1271 3636 1326 3702 de-

131 3739 223 3820 narii,
254 3744 287 3804 et
315 3739 356 3806 ds
384 3758 492 3807 marca
520 3741 629 3807 rivalis
659 3742 738 3823 auri,
769 3760 863 3823 quam
891 3742 1041 3824 purgabit
1069 3745 1103 3806 et
1127 3741 1325 3825 ponderabit,

134 3843 293 3910 dabuntur
315 3844 346 3908 ei
368 3844 404 3909 iii
426 3846 516 3927 parvi
539 3844 670 3912 denarii.
695 3847 724 3911 6.
748 3847 829 3911 Item
852 3845 891 3910 de
909 3846 1137 3928 ponderatione
1158 3848 1324 3926 communi,

132 3967 228 4030 quom
249 3946 355 4013 facere
376 3946 471 4012 debet
492 3948 533 4013 de
553 3968 661 4015 marca
683 3949 839 4015 combusti
854 3950 933 4029 auri,
956 3969 1039 4033 quae
1053 3950 1094 4016 ad
1108 3951 1214 4036 ipsum
1227 3950 1326 4016 Heiu-

131 4051 233 4117 ricum
254 4050 413 4134 afferetur,
443 4057 566 4135 emptor
596 4052 685 4119 dabit
709 4056 725 4117 1
750 4072 882 4137 parvum
905 4054 1077 4120 denarium.
1123 4056 1152 4121 i.
1174 4055 1256 4120 Item
1285 4055 1326 4120 de

132 4174 209 4223 auro
240 4156 388 4223 ciminato
420 4156 459 4222 de
483 4176 591 4223 marca
613 4158 739 4235 debltur
766 4176 851 4223 unus
881 4175 1010 4239 grossus
1039 4157 1188 4224 denarius
1219 4163 1252 4224 et
1274 4178 1325 4225 oa-

132 4260 197 4341 ligo
225 4261 336 4344 tomph
365 4264 492 4327 maneat
521 4261 671 4329 Heinrico
700 4262 872 4345 praedicto.
915 4264 945 4327 8.
980 4262 1062 4327 Item
1092 4261 1195 4329 dictus
1223 4263 1325 4329 >Hein-

131 4363 217 4430 ricus
240 4364 335 4432 debet
352 4369 461 4431 tenere
475 4366 600 4449 pondus
615 4365 795 4449 ponderans
811 4385 923 4431 aurum
937 4369 971 4431 et
984 4370 1158 4448 argentum,
1181 4371 1215 4432 et
1231 4368 1325 4434 debet
