3225 5017
314 333 365 384 188
619 330 685 398 Cap.
703 328 763 384 VII.
780 328 912 384 Civitates
930 335 958 384 et
972 329 1020 397 jue
1038 329 1209 400 municipale.

416 521 446 586 2.
491 521 535 586 Et
554 522 631 603 quia
659 520 848 605 plerumque
877 521 1039 604 contingit,
1069 523 1316 604 quod-nonnulli
1340 523 1449 590 Nostri
1474 531 1506 589 et

311 625 402 707 regni
422 624 572 692 Bocmiae
594 626 717 693 incolae
739 630 773 692 et
792 623 903 692 fideles
926 646 945 692 a
967 627 1133 693 sententiis
1154 627 1366 710 scabinorum,
1389 629 1504 711 quibus

313 748 348 795 se
381 719 534 812 maestos
562 730 629 796 iore
662 731 869 813 conspiciunt,
899 730 940 795 ad
974 731 1053 797 alios
1084 751 1140 798 sen
1173 732 1253 798 alias
1288 733 1434 798 civitates
1470 752 1506 797 ac

309 833 435 918 judices
457 834 618 917 appellare
640 838 885 901 consueverunt:
916 834 1044 916 idcirco,
1074 855 1114 901 ue
1143 837 1176 901 iu
1198 836 1258 902 hoc
1287 837 1320 902 in
1343 842 1505 920 posterum

314 938 422 1022 aliqua
454 943 625 1021 consurgat
659 938 815 1020 dubietas,
853 939 886 1004 in
922 938 1005 1004 iacto
1043 939 1289 1023 appellationum
1324 940 1506 1006 huiusmodi

316 1043 399 1110 huuc
421 1044 566 1111 volumus
592 1047 625 1108 et
653 1043 851 1108 decernimus
883 1042 1025 1110 ordinem
1054 1045 1226 1128 observari,
1257 1050 1293 1112 ut
1321 1063 1383 1111 non
1412 1046 1508 1110 liceat

208 1158 210 1161 ’
314 1149 420 1230 alicui,
458 1150 685 1232 cuiuscumque
717 1147 916 1230 conditionis,
955 1152 1066 1232 status,
1102 1151 1222 1233 gradm
1258 1168 1315 1218 seu
1341 1150 1506 1233 dignitatis

315 1254 484 1335 cristata
513 1272 712 1338 quacumque
740 1252 911 1321 diffinitiva
940 1255 1097 1322 sententia
1126 1257 1160 1322 in
1189 1256 1371 1340 praesentia
1398 1255 1507 1320 Nostri

314 1359 469 1442 praedicti
491 1359 718 1426 subcamerarii
740 1376 797 1424 seu
824 1359 941 1442 judicis
975 1361 1083 1426 cunae
1116 1361 1166 1428 rel
1199 1361 1331 1429 alterirm
1364 1362 1506 1444 ipsorum

315 1481 373 1545 per
391 1464 526 1547 judices,
551 1465 677 1548 juratos
699 1468 733 1529 et
754 1465 900 1530 scabinos
923 1464 964 1530 ad
986 1464 1046 1530 hoc
1068 1466 1237 1550 deputatos
1261 1483 1358 1550 super
1379 1466 1508 1548 quibus-

309 1557 438 1653 cunque
461 1570 575 1650 causis,
609 1570 718 1636 litibus
751 1588 810 1634 seu
843 1571 1065 1637 controversiis
1097 1572 1171 1652 lata,
1202 1571 1243 1636 ad
1276 1588 1506 1660 quemcumque

311 1672 453 1756 judicem
476 1692 533 1738 seu
552 1674 677 1757 judices
701 1678 791 1740 extra
812 1676 962 1742 terminos
978 1677 1067 1758 regni
1081 1675 1190 1742 Nostri
1206 1675 1368 1757 Boemiae,
1391 1674 1505 1760 quovis

315 1777 472 1860 exquisito
494 1778 630 1860 ingenio,
654 1779 890 1860 quomodolibet
911 1780 1079 1863 appellare.

417 1883 447 1948 3.
492 1883 529 1948 In
561 1902 624 1966 qua
658 1882 786 1966 quidem
820 1885 1031 1969 appellatione
1065 1885 1173 1950 taliter
1208 1883 1356 1956 duximus
1390 1884 1503 1950 distin-

314 1987 483 2070 guendum,
506 1993 543 2053 ut
564 1988 713 2055 videlicet
733 1989 784 2070 is,
805 1990 861 2072 qui
890 1988 931 2055 ad
958 1993 1013 2076 jao
1046 1989 1316 2078 Maqdaborqease
1345 1989 1506 2072 appellare

314 2093 458 2174 voluerit,
481 2094 514 2157 in
537 2094 665 2160 civitate
686 2093 804 2160 Nostra
826 2091 1073 2161 Ladootartcacai
1093 2100 1126 2162 et
1139 2115 1202 2161 non
1217 2094 1303 2175 alibi,
1326 2092 1508 2159 huiusmodi

315 2217 405 2264 snam
444 2199 689 2282 appellationem
730 2200 879 2283 prosequi
921 2201 1035 2268 debeat
1072 2201 1198 2285 Justitia
1241 2197 1411 2280 mediante,
1455 2197 1508 2263 nbi

312 2304 420 2369 taliter
440 2303 613 2387 appellanti
634 2303 782 2387 expedita
803 2308 837 2370 et
858 2303 1019 2372 sufficiens
1041 2304 1171 2373 debebit
1180 2304 1307 2390 justitia
1324 2303 1505 2368 ministrari.

316 2408 343 2472 A
366 2409 461 2474 simili
484 2409 581 2473 etiam
601 2409 640 2489 is,
663 2410 719 2491 qui
740 2409 854 2493 adjus
877 2406 1145 2496 Naremberpeaae
1171 2410 1333 2494 appellare
1363 2407 1505 2485 voluerit,

315 2513 357 2578 ad
391 2513 560 2579 Civitatem
592 2512 741 2579 Nostram
777 2513 978 2600 Proposuerat,
1014 2515 1068 2582 ubi
1104 2516 1182 2581 talia
1214 2515 1288 2597 jura
1325 2513 1504 2590 redduntur,

315 2618 476 2701 appellare
499 2617 636 2698 debebit,
659 2621 692 2682 et
712 2617 832 2684 ibidem
850 2623 883 2684 et
897 2637 960 2684 non
974 2618 1051 2686 alibi
1065 2617 1246 2684 huiusmodi
1262 2617 1504 2702 appellationem

316 2741 407 2788 suam
429 2723 587 2805 prosequi,
611 2725 647 2787 ut
668 2721 854 2805 praefertur.

418 2827 448 2892 4.
494 2825 612 2892 Verum
642 2826 670 2891 si
698 2827 814 2908 aliquis
844 2826 886 2892 ad
915 2827 1110 2894 audientiam
1131 2827 1283 2892 Nostram
1309 2824 1504 2908 personalem

316 2931 477 3015 appellare
509 2930 695 3011 decreverit,
725 2931 755 2996 is
787 2928 925 2997 faciendi
947 2931 1007 2997 hoc
1029 2933 1134 3016 ipsum
1156 2933 1190 2998 in
1221 2935 1356 3013 utreque
1384 2929 1506 3013 praedi-

317 3041 438 3101 ctorum
460 3034 590 3101 habebit
610 3035 744 3102 liberam
767 3032 960 3104 facultatem.
1149 3025 1153 3032 ’

419 3140 449 3206 5.
495 3141 709 3206 Decementes
737 3159 882 3208 exnunc
904 3144 1000 3225 prout
1028 3145 1173 3223 extunc,
1203 3139 1291 3224 regia
1320 3139 1506 3205 auctoritate

317 3245 488 3329 praedicta,
510 3249 577 3310 tam
596 3245 825 3328 appellationes
840 3265 935 3329 qnam
950 3246 1014 3312 alia
1028 3246 1103 3312 inde
1117 3249 1236 3326 secuta,
1260 3244 1287 3309 si
1302 3261 1385 3328 quae
1400 3247 1507 3308 contra

316 3355 515 3434 praesentem
550 3350 778 3417 ordinationem
806 3351 956 3418 Nostram
990 3353 1197 3435 attemptatae
1232 3367 1290 3416 sen
1320 3351 1507 3432 attemptata

315 3454 434 3521 ineunt
465 3473 524 3537 per
555 3455 744 3538 quempiam,
775 3456 883 3522 irritas
916 3462 950 3523 et
980 3457 1079 3537 irrita,
1113 3454 1269 3522 invalidas
1304 3460 1338 3519 et
1358 3451 1507 3531 invalida,

316 3559 498 3642 nulliusque
517 3557 587 3624 iore
607 3559 729 3625 roboris
750 3562 802 3627 rel
824 3562 984 3627 momenti.

420 3665 450 3731 6.
474 3663 736 3730 Mandamust
677 3665 736 3746 agit
735 3683 775 3730 ur
788 3667 946 3734 universa
962 3671 995 3731 et
1009 3665 1143 3749 singulis
1154 3663 1327 3749 judicibus,
1345 3611 1506 3744 monstris

318 3771 443 3851 civium,
474 3770 664 3851 consulibus,
695 3770 811 3854 juratis
844 3776 878 3836 et
914 3771 1191 3838 communitatibus
1219 3767 1385 3836 civitatum
1420 3767 1508 3849 regni

317 3873 426 3940 Nostri
447 3873 597 3942 Boemiae
610 3872 743 3940 firmiter
756 3880 789 3941 et
803 3875 956 3957 districte,
979 3880 1135 3960 quatenus
1163 3875 1205 3941 ad
1219 3871 1398 3958 praelatum
1411 3870 1508 3954 Sigis-

316 3979 468 4045 mundnm
489 3977 599 4061 Huler,
620 3983 781 4062 tamqnam
803 3979 956 4046 Nostrum
978 3985 1011 4044 et
1025 3980 1114 4062 regni
1138 3979 1289 4044 Boemiae
1310 3977 1509 4044 subcamera-

316 4085 408 4165 rium,
430 4088 610 4169 respectum
638 4083 756 4150 habere
785 4088 818 4150 et
846 4083 1019 4151 secundum
1048 4087 1248 4167 praesentem
1277 4081 1505 4148 ordinationem

316 4189 464 4254 Nostram
478 4207 537 4253 uec
558 4206 620 4253 non
641 4189 901 4254 consuetudinem
922 4190 955 4256 in
976 4207 1073 4272 regno
1087 4188 1249 4272 praedicto
1265 4187 1385 4252 dodum
1399 4187 1504 4253 obser-

319 4295 434 4374 vatam,
464 4310 587 4372 causas,
604 4292 690 4358 'lites
713 4296 747 4359 et
767 4295 969 4376 quaestiones
991 4294 1102 4360 audire
1132 4298 1165 4358 et
1186 4293 1323 4358 ¹easdem
1351 4292 1507 4358 mediante

315 4398 443 4481 justitia
460 4398 543 4481 Juris
564 4397 674 4464 ordine
695 4399 862 4466 observato
893 4401 1030 4466 debeant
1057 4399 1203 4466 diffinire.
1248 4397 1332 4464 Nam
1360 4398 1398 4462 si'
1419 4414 1506 4464 secus
1569 4395 1570 4454 ἶ
