3225 5017
31 784 34 802 Ι

27 808 32 863 ἔ

27 877 30 893 Ι

1125 351 1254 422 Cap.
1291 349 1385 404 IX.
1421 349 1781 405 UniversitaS.
2551 353 2659 400 279

250 564 448 627 quam
510 544 829 611 tenebitur
870 545 1038 628 parti
1101 545 1332 625 laesae,
1395 563 1558 627 quae
1619 543 1815 609 stabit
1874 543 1941 607 in
1994 542 2336 607 dictamine
2387 542 2653 607 rectoris

251 653 321 714 et
381 650 900 730 consiliariorum,
971 650 1229 715 debebit
1294 648 1713 715 Universitati
1780 647 2026 714 solvere
2084 665 2279 712 unum
2341 664 2649 728 grossum.

248 753 496 832 Quodsi
528 754 759 820 dixerit
787 774 931 821 eum
984 751 1223 836 „filium
1252 754 1640 820 meretricis“
1689 754 1793 820 vel
1834 753 2194 836 „spurium“
2231 753 2335 818 vel
2371 751 2643 834 „furem“

245 859 358 924 vel
407 857 846 940 „traditorem“
897 859 999 926 vel
1051 859 1414 940 „lenonem“
1466 859 1570 924 vel
1616 857 1813 924 simili
1871 857 2077 939 mod0‚
2107 865 2112 875 “
2140 859 2317 925 dabit
2382 855 2652 922 Univer-

253 963 436 1029 sitati
491 963 768 1046 duplum.

463 1067 642 1149 Item,
691 1067 801 1150 qui
843 1067 1121 1151 lapidem
1166 1068 1303 1134 sive
1360 1052 1657 1135 baculum
1702 1069 1804 1136 vel
1849 1068 2269 1153 quodcunque
2337 1065 2512 1132 aliud
2555 1065 2650 1131 in-

246 1176 671 1239 strumentum
716 1177 934 1238 contra
977 1173 1174 1238 alium
1221 1172 1572 1239 scholarem
1618 1175 1754 1240 sive
1798 1174 2035 1239 laicum
2063 1173 2271 1238 animo
2309 1170 2654 1256 injuriandi

245 1277 334 1343 ad
378 1296 632 1342 manum
677 1279 1036 1361 arripuerit,
1083 1277 1184 1343 vel
1231 1277 1556 1343 cultellum
1602 1280 1706 1345 vel
1757 1279 2039 1360 gladium
2086 1277 2444 1359 extraxerit,
2499 1276 2651 1342 licet

246 1401 377 1448 non
420 1382 738 1465 percutiat
778 1382 883 1447 vel
926 1381 1234 1465 projiciat,
1280 1381 1603 1448 tenebitur
1648 1385 1861 1449 tamen
1907 1380 2325 1448 Universitati
2373 1381 2651 1465 quinque

249 1504 524 1570 grossos
597 1485 664 1552 Si
710 1505 860 1552 vero
905 1486 1160 1569 projicit
1201 1485 1303 1550 vel
1346 1487 1642 1568 percutit,
1687 1487 1841 1553 licet
1881 1505 2007 1553 non
2048 1491 2285 1570 tangat,
2334 1484 2653 1552 tenebitur

254 1592 540 1675 duplum,
589 1596 654 1657 et
698 1592 754 1657 si
799 1610 943 1657 eum
988 1591 1378 1673 insequatur,
1426 1595 1501 1656 ut
1543 1594 1784 1673 tangat,
1833 1590 1987 1657 licet
2028 1608 2152 1656 non
2194 1589 2415 1673 possit,
2448 1590 2654 1655 solvet

251 1700 517 1762 tantum.
596 1694 665 1760 Si
708 1713 858 1762 vero
918 1694 1203 1776 tetigerit
1259 1712 1448 1759 manu
1496 1695 1596 1760 vel
1658 1695 2095 1776 instrumentO,
2160 1714 2273 1762 seu
2319 1693 2652 1759 offenderit

251 1805 807 1885 quantumcunque
850 1798 1094 1879 leviter,
1141 1798 1347 1863 solvet
1389 1817 1588 1863 unum
1632 1797 1955 1866 florenum.
2050 1797 2119 1864 Si
2161 1817 2312 1865 vero
2371 1799 2652 1882 graviter

250 1907 537 1988 tetigerit
577 1907 671 1972 ita
712 1909 788 1970 ut
829 1905 915 1970 sit
957 1920 1117 1986 opus
1160 1902 1712 1985 medicaminibuS,
1760 1905 1920 1970 citra
1948 1905 2426 1985 mutilationem,
2472 1907 2649 1969 tene-

248 2010 423 2076 bitur
445 2011 527 2076 ad
558 2011 715 2076 duos
747 2007 1034 2075 florenos.
1083 2006 1171 2073 Et
1200 2006 1256 2072 si
1286 2007 1694 2088 mutilaverit,
1732 2010 1925 2075 etiam
1953 2010 2021 2075 111
2058 2009 2316 2074 minimo
2346 2009 2645 2089 membr0,

250 2115 432 2197 dabit
470 2120 602 2182 tres
645 2114 934 2196 florenos,
981 2117 1046 2179 et
1091 2112 1183 2178 sic
1227 2112 1496 2177 ulterius
1552 2113 1904 2180 secundum
1949 2113 2327 2195 gravitatem
2372 2111 2647 2178 offensae

251 2221 459 2287 solvet
500 2218 934 2286 Universitati.
1005 2217 1092 2282 Et
1134 2221 1280 2300 post
1322 2217 1498 2300 ipsas
1545 2235 1789 2299 poenas
1837 2216 2255 2286 Universitati
2315 2218 2647 2284 solvendas

250 2326 446 2392 debet
486 2325 653 2408 parti
717 2326 932 2392 laesae
977 2322 1306 2388 emendam
1355 2319 1567 2388 facere
1627 2324 2027 2403 amicabilem
2090 2324 2195 2389 vel
2253 2323 2644 2406 condignam,

255 2429 606 2495 secundum
665 2430 980 2496 dictamen
1052 2426 1317 2492 rectoris
1378 2431 1444 2494 et
1510 2428 2031 2511 consiliariorum,
2112 2428 2167 2494 si
2231 2446 2356 2494 non
2414 2428 2650 2512 poterit

249 2534 608 2600 amicabilis
656 2533 1028 2618 compositio
1074 2532 1243 2600 inter
1287 2550 1396 2598 eos
1442 2533 1568 2598 alio
1612 2535 1801 2600 modo
1855 2532 2144 2601 inveniri.

462 2637 642 2720 Item,
689 2640 900 2704 nullus
944 2638 1139 2703 alium
1181 2638 1249 2703 in
1294 2637 1733 2722 assumptione
1777 2639 2103 2720 regiminis
2150 2637 2505 2704 scholarum
2535 2641 2648 2704 aut

249 2742 378 2810 alio
423 2745 647 2827 quovis
694 2742 904 2810 officio
948 2743 1107 2808 velit
1150 2742 1414 2810 subdole
1459 2747 1524 2808 et
1569 2743 2008 2810 fraudulenter
2038 2743 2463 2827 supplantare.
2509 2743 2644 2810 Nec

247 2850 459 2914 minus
503 2850 711 2914 rector
753 2848 937 2914 alteri
979 2847 1137 2913 velit
1181 2845 1502 2912 scholares
1551 2848 1633 2913 de
1682 2846 1902 2914 schola
1958 2848 2272 2914 abducere
2330 2853 2444 2915 aut
2501 2867 2645 2932 pro-

247 2953 437 3036 fugos
484 2954 600 3020 snb
646 2971 764 3020 sua
809 2952 1167 3019 conditione
1209 2951 1442 3018 fovere.

463 3111 565 3177 22.
664 3112 777 3177 De
863 3111 1156 3195 poenis
1244 3110 1902 3177 obtrectantium
1991 3111 2636 3195 suppositorum.

247 3211 481 3281 Nullus
547 3216 764 3298 legens
830 3216 932 3282 vel
991 3221 1212 3282 tenens
1276 3216 1642 3282 cathedram
1702 3216 1876 3282 dicat
1932 3214 2000 3281 in
2046 3216 2346 3283 cathedra
2405 3219 2639 3302 aliqua,

250 3340 417 3402 quae
460 3325 727 3402 vergant
767 3321 835 3386 in
894 3321 1171 3388 dedecus
1233 3321 1333 3388 vel
1393 3321 1701 3404 pudorem
1767 3321 1871 3386 vel
1929 3320 2314 3405 vituperium
2373 3323 2641 3407 alicujus

246 3425 574 3493 facultatis
618 3427 720 3493 vel
762 3444 1174 3510 personarum
1221 3427 1301 3492 de
1349 3426 1563 3509 aliqua
1604 3425 1925 3492 facultate.
2005 3424 2072 3490 Si
2134 3427 2277 3511 quis
2333 3427 2487 3492 talia
2547 3427 2642 3493 di-

248 3531 417 3597 xerit
460 3535 525 3596 et
565 3533 926 3598 testimonio
974 3531 1314 3598 sufficienti
1364 3530 1444 3596 de
1487 3531 1608 3596 hoc
1655 3531 1977 3596 convictus
2022 3529 2232 3612 fuerit,
2290 3550 2500 3598 coram
2542 3552 2641 3598 re-

251 3637 426 3702 ctore
469 3641 725 3704 revocet
766 3638 833 3702 in
892 3638 1162 3721 public0,
1222 3653 1387 3720 quae
1446 3634 1607 3701 dixit
1652 3639 1717 3702 et
1767 3636 1834 3701 in
1878 3635 2080 3702 forma
2126 3636 2292 3702 sicut
2338 3657 2414 3704 ea
2459 3639 2637 3727 dixit,

251 3744 320 3806 et
363 3741 714 3809 satisfaciat
755 3743 922 3827 parti
965 3744 1179 3809 laesae
1224 3741 1572 3808 secundum
1618 3740 1934 3808 dictamen
1989 3743 2253 3809 rectoris
2314 3746 2381 3808 et
2437 3745 2640 3812 consi-

247 3846 596 3929 liariorum,
644 3846 850 3912 dando
896 3851 962 3914 et
1003 3847 1297 3931 petendo.
1352 3847 1593 3926 Quodsi
1642 3845 1854 3915 facere
1896 3848 2196 3929 renuerit,
2245 3847 2326 3913 ab
2370 3847 2639 3915 Univer-

250 3951 444 4018 sitate
489 3952 874 4019 excludatur.
920 3952 1098 4018 Idem
1141 3950 1252 4019 fiet
1296 3952 1377 4019 de
1422 3972 1515 4034 eo,
1564 3953 1675 4037 qui
1718 3954 1850 4020 tale
1887 3954 2041 4036 quid
2072 3952 2225 4018 fecit
2252 3953 2318 4017 in
2349 3971 2637 4022 sermone

245 4057 524 4140 publicO,
570 4058 673 4125 vel
715 4058 781 4124 in
825 4057 1107 4140 consilio,
1154 4059 1256 4125 vel
1299 4059 1366 4123 in
1411 4057 1842 4142 disputatione
1893 4058 2009 4141 „de
2054 4059 2393 4141 quolibet.“

459 4217 561 4283 23.
611 4219 722 4283 De
764 4217 1052 4305 poenis
1096 4218 1566 4284 ludentium
1613 4205 2268 4301 suppositorum.
2316 4216 2636 4286 Ludentes

248 4322 334 4386 ad
399 4323 652 4389 taxilles
718 4341 832 4406 pro
890 4323 1160 4407 pecunia
1228 4328 1511 4408 uterque,
1579 4328 1713 4390 tam
1778 4324 2050 4407 perdens
2109 4343 2299 4407 quam
2364 4323 2634 4406 lucranS,

249 4428 512 4508 punitur
567 4429 634 4494 in
692 4427 859 4496 hunc
918 4430 1206 4496 modum:
1298 4428 1366 4494 Si
1425 4429 1614 4495 ludus
1674 4429 1868 4495 fuerit
1934 4429 2069 4496 sive
2111 4431 2178 4496 in
2236 4431 2342 4497 die
2392 4430 2527 4498 sive
2571 4432 2636 4495 in
