3225 5017
261 355 313 403 328
670 349 735 418 Gap.
753 348 800 402 XI.
814 349 871 422 vJus
889 330 1037 404 vinearum
1122 319 1124 324 Ι

261 545 388 624 perator
409 556 535 624 semper
556 545 711 622 augustus
733 544 766 606 ct
787 541 938 610 Boemiae
959 559 1024 607 rex.
1062 540 1228 608 Universis
1258 545 1291 607 et
1316 539 1450 622 singulis

261 647 404 729 personis
436 645 662 714 ecclesiasticis
685 651 718 711 et
739 645 956 713 saecularibus
977 647 1075 714 totius
1097 647 1188 730 regni
1217 646 1377 727 Boemiae,
1411 645 1453 710 ad

263 769 342 835 quos
358 752 560 835 pervenerint
573 755 768 834 praesentes,
791 751 915 818 devotis
931 755 964 817 et
979 749 1126 821 fidelibus
1140 753 1208 818 suis
1224 751 1358 833 dilectis,
1382 769 1454 832 gra-

265 857 348 923 ciam
369 874 459 922 suam
482 859 516 922 et
536 873 628 922 omne
649 856 775 923 bonum.

365 960 481 1027 Devoti
504 963 537 1026 et
557 958 667 1027 fideles
690 959 815 1026 dilecti!
839 958 989 1026 Volentes
1012 978 1051 1026 ex
1072 961 1182 1026 innata
1196 960 1296 1027 Nobis
1310 959 1454 1042 benigni-

262 1065 340 1132 tatis
377 1065 545 1133 clementia
583 1065 795 1132 conditionem
825 1068 857 1128 et
888 1066 1005 1129 statum
1043 1065 1134 1148 regni
1163 1064 1272 1132 Nostri
1304 1064 1455 1130 Boemiae

264 1176 297 1236 et
317 1171 492 1238 incolarum
513 1171 652 1236 omnium
675 1169 818 1238 eiusdem
838 1169 938 1251 regni,
962 1173 1119 1237 annuente
1141 1173 1174 1236 et
1196 1173 1385 1253 cooperante
1406 1168 1455 1234 di·

263 1274 337 1341 vina
359 1275 476 1359 gracia,
498 1272 604 1341 lacere
625 1275 805 1341 meliorem:
829 1273 997 1340 statuimus
1020 1278 1053 1341 et
1073 1275 1172 1360 regali
1192 1275 1343 1342 Boemiae
1365 1291 1456 1340 sanc-

265 1380 366 1444 cimus
389 1378 503 1462 edicto,
530 1380 615 1463 quod
637 1397 694 1445 vos
716 1382 749 1445 et
778 1397 818 1444 ex
846 1378 936 1444 vobis
966 1378 1091 1461 singuli,
1123 1378 1198 1445 dum
1226 1379 1277 1446 vel
1310 1378 1456 1462 quotiens

265 1502 323 1567 per
351 1476 538 1568 magistrum
567 1485 720 1550 montium
753 1501 811 1550 seu
843 1484 1007 1550 vinearum
1038 1484 1073 1549 in
1101 1502 1198 1567 regno
1227 1483 1376 1550 Boemiae
1398 1500 1457 1566 pro

265 1589 423 1658 communi
444 1588 584 1655 utilitate
605 1587 891 1669 instaurandamm,
915 1589 969 1671 qui
992 1592 1042 1654 est
1055 1589 1106 1654 vel
1121 1607 1178 1672 pro
1192 1592 1335 1671 tempore
1349 1585 1458 1668 fuerit,

270 1712 424 1779 supereo
446 1693 593 1778 requisiti
614 1692 748 1775 fueritis,
771 1694 804 1759 in
825 1694 992 1776 montanis,
1015 1692 1106 1760 bonis
1136 1712 1193 1760 seu
1215 1693 1299 1776 agris
1329 1692 1457 1774 vestris,

267 1802 459 1884 ubicumque
481 1798 619 1880 situatis,
649 1815 732 1882 quac
756 1798 809 1864 vel
831 1798 885 1882 qui
907 1817 964 1882 pro
994 1799 1095 1866 vineis
1123 1798 1278 1864 faciendis
1306 1798 1368 1865 sibi
1390 1797 1459 1880 pla-

267 1905 391 1971 cuerint
411 1907 468 1969 aut
489 1902 596 1969 valere
617 1903 818 1984 videbuntur,
841 1922 860 1967 a
883 1902 944 1984 die,
967 1921 1030 1986 qua
1052 1904 1236 1986 peripsum
1258 1901 1378 1987 requiri
1400 1920 1459 1968 vos
1593 1893 1594 1914 ²

266 2007 443 2091 contigerit,
466 2010 522 2073 aut
544 2007 721 2090 sumptibus
744 2011 777 2072 et
798 2005 945 2090 expensis
959 2007 1097 2090 propriis
1113 2006 1194 2074 infra
1209 2011 1344 2090 quatuor
1359 2008 1460 2089 septi-

265 2131 375 2180 manas
396 2111 580 2179 notabiliter
602 2115 635 2177 et
655 2111 821 2177 euidenter
842 2112 997 2179 inchoetis
1022 2114 1054 2178 et
1076 2112 1244 2180 elaboretis
1271 2113 1380 2179 vineas
1402 2111 1457 2178 vel

267 2216 459 2301 permittatis
481 2215 551 2282 sine
572 2215 683 2298 quavis
705 2214 906 2297 difficultate,
930 2215 1015 2300 quod
1036 2235 1095 2299 per
1122 2216 1242 2282 dictum
1271 2216 1460 2299 magistrum

266 2322 420 2388 montium
441 2324 475 2387 et
495 2313 659 2387 vinearum
680 2320 714 2384 iu
735 2321 901 2401 montanis,
923 2321 1013 2386 bonis
1044 2325 1077 2386 et
1105 2321 1190 2404 agris
1219 2321 1343 2401 vestris,
1374 2339 1459 2403 quae

267 2426 318 2493 vel
339 2426 395 2509 qui
416 2428 491 2508 apta
513 2442 571 2490 seu
593 2424 661 2507 apti
680 2423 799 2490 luerint
819 2442 877 2507 pro
899 2425 1010 2506 vineis,
1034 2427 1186 2507 personis„
1199 2426 1271 2492 aliis
1289 2428 1459 2508 acceptare

268 2530 457 2610 volentibus,
481 2529 593 2595 vineae
614 2532 879 2596 mensurarentur.

371 2633 415 2698 Et
430 2632 550 2698 eisdem
563 2631 755 2698 mensuratis
769 2651 857 2698 more
868 2632 960 2698 solito
975 2632 1162 2698 mandamus
1177 2632 1267 2699 vobis
1282 2638 1316 2700 et
1329 2633 1463 2701 cuilibet

269 2741 411 2805 vesu-m
432 2756 470 2804 ac
493 2737 551 2805 sub
574 2735 704 2803 obtentu
726 2735 863 2802 Nostrae
884 2736 1007 2818 gratiae
1025 2738 1218 2832 iniungimus
1232 2738 1362 2820 seriose,
1384 2757 1463 2822 qua-

269 2848 364 2910 tenus
386 2842 561 2909 cultoribus
593 2841 757 2907 vincarum
786 2840 969 2907 huiusmodi
999 2842 1089 2908 iuxta
1117 2860 1226 2907 eorum
1257 2844 1289 2907 et
1317 2842 1464 2926 magistri

269 2947 423 3013 montium
455 2951 488 3012 et
520 2946 684 3012 vinearum
717 2945 956 3029 requisitionem
989 2951 1022 3012 et
1056 2946 1215 3013 desideria
1243 2964 1344 3031 super
1371 2948 1464 3012 novis
1592 2965 1593 2980 ³

269 3052 372 3118 vineis
394 3051 576 3117 huiusmodi
597 3052 721 3118 litteras
743 3055 866 3117 vestras
882 3051 1058 3118 autenticas
1081 3052 1157 3119 dare
1180 3051 1323 3119 debeatis
1338 3051 1465 3118 lavora-

270 3156 386 3236 bilitcr,
409 3155 588 3239 dequibus
611 3155 705 3239 digne
727 3155 855 3221 valeant
878 3157 1063 3222 contentari.

374 3261 417 3326 Et
439 3260 466 3326 si
488 3260 678 3344 quicumque
694 3279 733 3326 ex
747 3259 837 3326 vobis
854 3261 1111 3344 praesumptione
1134 3278 1333 3344 quacumque
1352 3261 1465 3326 vineas

271 3366 304 3430 in
336 3365 427 3430 bonis
460 3365 527 3430 suis
556 3365 702 3447 propriis
736 3367 773 3429 ut
793 3365 1016 3447 praemittitur,
1040 3365 1160 3430 nollent
1189 3366 1332 3431 excolere
1361 3383 1465 3448 neque

271 3468 449 3550 admittere,
483 3469 568 3551 quod
596 3472 854 3534 mensurarentur
883 3472 916 3534 et
945 3469 985 3535 ad
1015 3470 1171 3535 culturam
1200 3469 1467 3534 distribuerentur

273 3573 417 3655 personis
440 3572 522 3654 aliis,
545 3574 595 3640 vel
611 3573 735 3639 litteras
753 3591 849 3656 super
864 3572 1044 3640 huiusmodi
1059 3574 1161 3640 vineis
1176 3574 1251 3640 dare
1271 3576 1464 3652 recusarent,

274 3676 401 3743 eosdem
429 3682 463 3744 et
484 3677 658 3763 quemlibet
687 3695 796 3742 eorum
827 3696 884 3759 per
913 3678 1068 3760 consules,
1095 3680 1218 3762 juratos
1249 3683 1281 3744 et
1310 3676 1465 3742 universi-

272 3785 371 3847 tatem
392 3781 524 3848 Maioris
548 3781 686 3848 civitatis
708 3782 887 3862 Pragensis‚
918 3801 976 3848 nec
1004 3801 1067 3847 non
1091 3783 1278 3865 magistrum
1307 3781 1464 3847 montium

274 3889 307 3951 et
327 3885 501 3968 vinearum,
534 3886 588 3970 qui
610 3902 667 3968 pro
690 3889 833 3966 tempore
862 3884 989 3967 fuerint,
1020 3883 1129 3952 fideles
1158 3887 1293 3978 Nostros
1322 3886 1465 3964 dilectos,

273 3989 389 4055 Nostro
410 3990 536 4056 nomine
559 3994 592 4054 et
612 3989 802 4056 auctoritate
825 3989 866 4053 ad
888 3988 922 4054 id
943 3990 1123 4056 faciendum
1145 3991 1291 4074 compelli
1320 3990 1466 4055 uolumus
1591 3977 1592 4016 l

273 4113 331 4176 per
363 4094 651 4177 inpignoracionem
685 4098 717 4158 et
749 4093 852 4158 modis
886 4095 967 4177 aliis,
1004 4096 1119 4178 quibus
1149 4115 1258 4162 eorum
1291 4095 1466 4174 industriae

274 4199 378 4263 visum
400 4197 497 4264 fuerit
518 4198 677 4282 expedire.
701 4197 745 4262 Et
765 4196 989 4272 nichilominus
1015 4200 1122 4281 iidem,
1153 4201 1208 4284 qui
1237 4199 1373 4266 rebelles
1403 4203 1466 4265 sta-

275 4303 354 4368 tutis
377 4307 410 4369 et
431 4302 589 4369 mandatis
610 4301 737 4368 Nostris
767 4302 940 4385 praedictis
973 4305 1125 4388 comperti
1151 4304 1277 4385 fuerint,
1306 4304 1352 4370 ita
1382 4303 1466 4387 quod

274 4405 357 4472 infra
388 4408 616 4474 revolutionem
649 4408 747 4475 unius⁴
777 4408 851 4474 anui
884 4427 905 4474 a
933 4408 994 4489 die,
1029 4428 1092 4491 qua
1122 4407 1239 4476 fuerint
1266 4408 1412 4492 requisiti
1434 4412 1466 4474 et
