3225 5017
273 333 325 383 276
710 324 774 395 Gap.
794 324 840 378 IX.
859 322 1038 378 Universitas.

272 539 409 606 grossos,
432 518 548 586 abinde
569 536 667 601 supra
686 522 754 584 tros
776 535 904 602 grossos
927 521 959 583 et
980 534 1042 582 non
1057 517 1138 600 plus.
1161 553 1204 564 -
1227 517 1287 584 Pro
1311 518 1472 601 exempla-

274 628 359 693 tione
374 643 449 692 vero
465 625 599 709 alicujus
615 623 777 707 privilegii
795 621 1020 689 Universitatis
1043 641 1105 688 non
1127 623 1229 706 possit
1243 624 1385 690 notarius
1405 623 1472 688 exi·
1587 629 1588 632 ’

275 751 350 815 gere
362 731 563 797 ultradecem
570 747 697 812 grossos
712 730 803 796 albos
815 729 867 812 (ab
876 728 906 812 1)
921 729 1027 812 aliquo
1040 728 1183 795 scholare
1193 729 1330 796 habente
1345 732 1473 794 centum

275 836 410 902 florenos
432 836 501 901 auri
514 835 548 900 in
562 835 735 915 reditibus3
759 835 787 900 si
802 833 888 900 inira
899 833 1024 914 habeat,
1040 850 1103 899 non
1119 834 1226 918 exigat
1241 835 1324 900 ultra
1338 851 1402 899 sex.
1426 869 1471 880 -

275 941 337 1006 Pro
360 941 615 1024 scripturaram
636 940 750 1005 1111111
771 939 944 1005 testimonii
978 958 1041 1005 non
1059 939 1176 1022 ,exigat
1204 939 1287 1028 ultra
1313 939 1407 1019 duos,
1437 941 1473 1002 11

275 1064 373 1128 super
404 1045 614 1128 quantitatem
647 1041 793 1110 beneficii
822 1042 1001 1112 beneficiati
1031 1045 1188 1127 promisso
1221 1041 1375 1110 credatur.
1422 1043 1472 1106 De

277 1151 371 1216 dictis
393 1167 560 1216 causarum
591 1152 707 1230 autem,
738 1167 820 1232 quae
847 1148 973 1229 scribet,
1004 1148 1136 1214 rectoris
1166 1147 1296 1215 arbitrio
1320 1148 1471 1214 salarium

276 1256 468 1326 moderetur.

380 1361 536 1428 iubemus
566 1362 681 1440 autem,
714 1359 798 1443 quod
827 1361 969 1426 notarius
1003 1357 1230 1426 Universitatis
1262 1360 1474 1426 instrumenta

278 1468 329 1534 vel
344 1470 424 1548 acte,
449 1483 531 1550 quac
546 1465 719 1547 scripserit,
744 1464 775 1529 ei
793 1482 888 1546 quem
910 1481 962 1528 res
977 1464 1089 1546 tangit,
1113 1464 1140 1530 si
1155 1464 1332 1547 privilegiis
1346 1467 1475 1528 nostrae

279 1571 505 1643 Universitatis
527 1569 674 1652 gaudeat,
696 1567 779 1634 inira
801 1573 872 1634 octo
888 1568 957 1634 dies
978 1571 1051 1652 post
1064 1569 1303 1653 requisitionem
1318 1568 1475 1653 ejusdem,

281 1677 388 1743 oblato
410 1676 472 1741 sibi
494 1673 669 1740 secundum
690 1675 885 1739 taxationem
907 1673 996 1756 prius
1023 1674 1174 1757 scriptam
1196 1674 1321 1755 salario,
1348 1672 1476 1738 1111111

279 1782 313 1848 11
334 1779 435 1846 forma
456 1780 583 1864 publica
604 1782 760 1858 teneatur,
783 1779 842 1844 sub
864 1795 967 1862 poena
989 1777 1098 1845 decem
1119 1777 1316 1846 florenorum.

382 1885 426 1950 Et
452 1885 529 1950 licet
557 1884 641 1950 ultra
669 1885 884 1966 praescriptas
914 1901 1052 1948 summas
1083 1881 1162 1950 nihil
1196 1886 1323 1966 exigere
1345 1883 1471 1962 debeat,

280 1989 363 2056 infra
394 1994 501 2056 tomen
527 1990 620 2072 juxta
652 1987 786 2054 rectoris
822 1987 1080 2070 moderationem,
1114 1989 1169 2071 qui
1205 1988 1346 2054 laborem
1381 2005 1476 2052 suum

282 2095 438 2177 pensabit,
462 2094 558 2159 debet
574 2095 745 2163 „contentus
772 2109 851 2158 esse.

387 2199 436 2264 16.
461 2199 518 2263 De
541 2196 689 2264 officio
712 2196 871 2280 pedelli
894 2197 1113 2278 generalis
1137 2195 1285 2263 Pedellus
1304 2195 1474 2279 generalis,

282 2322 365 2370 unus
387 2303 439 2368 uel
460 2303 578 2385 plures,
605 2303 713 2384 J'urare
742 2301 794 2367 rel
817 2302 1001 2384 promittere
1026 2305 1194 2374 teneantur
1223 2301 1356 2384 siuguhs
1384 2301 1476 2366 nouis

282 2407 457 2473 rectoribus
480 2407 520 2471 de
542 2406 682 2488 parendo
704 2405 863 2472 mandatis
878 2405 1028 2488 ipsorum,
1052 2409 1086 2469 11
1100 2406 1184 2490 quod
1199 2406 1240 2472 ad
1259 2407 1476 2489 cujuscunque

229 2539 231 2546 ·
283 2514 425 2595 ipsorum
445 2512 627 2577 vocationes
648 2512 792 2591 venient,
816 2513 902 2592 item,
925 2510 1009 2593 quod
1030 2511 1181 2577 honorem
1204 2516 1237 2577 11
1258 2515 1376 2576 statum
1396 2509 1476 2576 Uni·

283 2617 445 2682 versitatis
465 2616 584 2682 bonum
604 2615 687 2685 bona
708 2612 771 2680 fide
793 2619 971 2697 procurent,
1006 2618 1039 2680 et
1060 2619 1181 2682 secrete
1203 2635 1261 2698 per
1282 2618 1421 2681 rectores
1443 2619 1479 2680 ct

285 2721 482 2787 cousiharios
511 2718 737 2786 Universitatis
764 2720 845 2803 ipsis
875 2720 1016 2811 revelata
1046 2721 1201 2800 celabunt,
1237 2724 1269 2786 et
1303 2720 1476 2786 servabunt

285 2828 414 2906 statuta,
436 2843 519 2908 quac
541 2824 581 2890 ad
604 2841 696 2890 suum
720 2827 864 2907 spectant
886 2823 1034 2899 officium.
1076 2817 1122 2890 Et
1147 2825 1221 2890 talis
1250 2825 1394 2908 pedellus
1417 2843 1477 2907 per

284 2933 439 2995 rectorem
461 2934 494 2995 et
515 2929 711 2995 consiliarios
726 2947 798 2994 eum
813 2946 968 2994 consensu
983 2928 1207 2994 Universitatis
1223 2929 1366 3012 eligatur.
1390 2928 1473 2993 Item

286 3053 451 3101 censemus
489 3052 547 3116 per
575 3033 736 3117 pedellum
769 3033 949 3114 generalem
978 3036 1101 3100 tantum
1127 3033 1327 3115 pronunciari
1350 3033 1477 3116 debere,

288 3158 505 3224 quaecumque
525 3137 762 3221 pronuncianda
783 3136 902 3204 11111111
922 3155 979 3221 per
1002 3137 1126 3204 scholas
1149 3137 1189 3202 de
1213 3138 1401 3204 lectionibus
1424 3137 1477 3204 rel

286 3243 553 3327 disputationibus
581 3243 633 3308 vol
661 3241 898 3322 festivitatibus,
929 3245 980 3310 vel
1013 3262 1221 3326 quaecuuque
1252 3242 1331 3308 talia
1358 3240 1479 3309 fuerint

288 3349 372 3415 cirea
393 3366 521 3413 morem.
566 3347 610 3413 Et
631 3349 659 3413 si
681 3347 826 3430 pedellus
848 3345 1030 3414 infirmitate
1053 3352 1201 3432 maratus
1223 3347 1320 3414 fuerit
1348 3347 1400 3413 uel
1421 3365 1478 3412 ne-

203 3452 207 3460 “
288 3453 438 3519 cessitate
460 3453 614 3536 corporah
635 3452 817 3535 impeditus,
840 3453 982 3518 notarius
1005 3453 1230 3520 Universitatis
1253 3453 1372 3536 poterit
1400 3452 1481 3517 illud

287 3558 382 3639 idem,
405 3557 457 3622 vel
480 3558 534 3640 qui
553 3559 721 3624 stationem
736 3559 820 3640 regit
833 3558 891 3623 sub
906 3558 1031 3641 pedello
1046 3559 1196 3641 generah,
1219 3558 1271 3625 vel
1286 3557 1480 3624 substitutus

287 3683 346 3747 per
367 3663 502 3730 eundem
523 3663 692 3745 pedellum,
723 3681 794 3727 cum
824 3663 952 3728 licentia
974 3661 1199 3730 Universitatis
1230 3667 1262 3730 et
1282 3663 1415 3728 rectoris
1437 3663 1481 3728 ad

287 3768 367 3834 ihud
389 3768 583 3846 faciendum3
606 3767 661 3832 ubi
683 3786 758 3832 vero
779 3767 955 3834 necessitas
978 3768 1149 3852 corporalis
1164 3787 1226 3834 non
1242 3769 1382 3846 excusat,
1405 3766 1478 3849 ipse

288 3873 432 3957 pedellus
446 3892 504 3957 per
519 3891 562 3955 se,
586 3876 619 3938 et
632 3890 694 3938 non
716 3890 774 3954 per
794 3872 901 3954 alium,
917 3876 1043 3939 tenetur
1057 3871 1197 3938 officium
1213 3889 1305 3938 suum
1321 3889 1479 3938 exercere.

288 3977 356 4044 Nec
385 3977 545 4043 civitatem
576 3975 768 4060 Prageusem
796 3977 991 4065 1111111111
1011 3996 1180 4044 mansurus
1210 3980 1311 4056 exeat,
1343 3977 1406 4041 nisi
1440 3975 1482 4042 de

289 4084 384 4167 plena
404 4083 532 4148 licentia
554 4102 574 4148 a
595 4100 652 4149 suo
674 4087 797 4149 rectore
819 4085 920 4167 petita
942 4087 975 4149 et
997 4083 1141 4164 obtenta;
1172 4087 1205 4148 et
1230 4083 1259 4146 si
1288 4081 1482 4146 contrarium

288 4187 410 4267 fecerit,
432 4187 534 4252 solvet
554 4207 611 4271 pro
631 4188 683 4253 die
699 4189 841 4270 qualibet
863 4188 942 4253 duos
958 4204 1092 4270 grossos.
1117 4187 1205 4266 item,
1221 4185 1367 4268 pedcllus
1382 4185 1482 4250 vadat

290 4313 348 4376 per
370 4293 472 4358 scolas
493 4295 635 4376 tempore
661 4292 768 4358 debito
798 4297 831 4358 et
860 4295 1035 4375 opportuno
1066 4298 1098 4358 11
1129 4290 1307 4357 consideret
1337 4287 1482 4354 defectus

292 4402 325 4462 et
346 4414 552 4480 quaecunque
574 4395 691 4462 11111111
713 4396 918 4475 emendanda,
941 4396 1056 4461 rectori
1070 4395 1237 4461 nuntiabit.
1262 4393 1352 4473 Item,
1369 4393 1482 4459 diebus
