3225 5017
363 301 396 349 90
681 295 745 365 Cap.
763 295 798 349 ΙΙ.
816 294 904 364 Regni
920 295 949 349 in
967 293 1106 349 districtus
1125 295 1231 350 divisio.

363 488 403 552 de
436 486 595 554 Kolorrrat
628 491 661 552 et
693 488 755 554 alio
789 507 869 554 anno
902 487 1041 554 loannes
1075 489 1115 553 de
1144 488 1371 571 Wartemberg,
1402 490 1480 555 alias
1510 490 1548 554 de

362 591 497 672 Deczin3
521 592 582 657 alio
605 611 702 658 anno:
726 592 831 659 Berlxa
853 593 894 658 de
915 592 1136 676 Hoheustein.)

468 714 577 784 (nuru
600 713 672 768 rur.
692 715 743 782 cc.)

467 890 558 956 1405.
582 890 612 956 5.
629 890 698 956 Jan.
723 890 933 974 Wenceslaus
944 928 986 937 —
1001 891 1151 973 Boemiae
1166 909 1229 956 rex.
1249 889 1407 973 Magistro
1423 890 1547 969 civium,

363 994 552 1075 consulibus,
572 995 686 1079 juratis
710 998 742 1059 et
764 997 980 1062 communitati
1006 997 1143 1062 civitatis
1166 996 1453 1061 Luthomericensis
1476 1045 1483 1060 .
1508 1047 1514 1060 .
1539 1046 1546 1059 .

362 1100 488 1166 Fideles
510 1101 626 1165 dilecti.
672 1098 893 1166 Tractantibus
923 1101 1045 1184 pridem
1076 1120 1171 1184 super
1200 1101 1341 1183 proxime
1370 1101 1549 1184 praeteritis

362 1205 505 1284 Quatuor
533 1204 728 1285 temporibus
757 1205 915 1272 nobilibus
944 1207 1034 1288 regni
1060 1205 1167 1271 Nostri
1191 1205 1349 1286 Boemiae,
1378 1205 1549 1272 baronibus

362 1311 445 1379 circa
467 1310 591 1375 tabulas
613 1314 727 1389 terrae,
759 1308 799 1374 de
829 1311 961 1392 speciali
991 1312 1138 1377 mandato
1161 1309 1287 1389 Nostro,
1317 1309 1439 1375 adhoc
1461 1310 1550 1374 utin

362 1415 473 1480 eodem
495 1432 591 1496 regno
606 1413 722 1478 Nostro
736 1414 887 1480 Boemiae
909 1417 997 1498 pacis
1020 1417 1200 1482 stabiliatur
1222 1415 1405 1494 amoenitas,
1424 1414 1550 1497 justitia

360 1519 524 1602 hucusque
547 1519 714 1601 concupita
743 1519 849 1584 debito
871 1521 1023 1602 persistat
1044 1520 1077 1585 in
1102 1521 1224 1600 robore,
1255 1524 1287 1584 et
1315 1517 1425 1584 fideles
1447 1518 1550 1600 regni-

362 1625 449 1689 colae
472 1625 529 1690 sub
554 1623 660 1689 debita
681 1624 910 1706 tranquillitate
939 1626 1104 1707 respirent,
1134 1625 1258 1706 singula
1279 1642 1338 1706 per
1358 1624 1446 1704 ipsos
1467 1623 1551 1686 ordi-

258 1775 259 1782 ,
362 1733 445 1810 nata,
477 1732 596 1792 statuta
620 1732 652 1794 et
674 1729 811 1808 decreta,
842 1731 950 1812 (prout
970 1729 1003 1794 in
1025 1730 1244 1812 praesentibus
1274 1731 1392 1811 scripta
1420 1727 1551 1792 inferius

361 1833 553 1899 articulatim
582 1833 706 1914 plenius
741 1832 952 1914 continentur)
990 1850 1117 1899 servare
1150 1833 1351 1914 promisimus
1382 1837 1414 1897 et
1442 1837 1550 1897 tenere

361 1938 461 2004 solide
483 1937 676 2020 pollicemur.
722 1937 765 2002 Et
792 1938 904 2001 horum
934 1937 975 2003 ad
1004 1937 1132 2021 majoris
1161 1938 1281 2003 robotis
1310 1935 1490 2002 firmitatem
1512 1955 1550 2000 ac

362 2041 577 2107 executionem
605 2041 838 2124 exsequendam
867 2040 1026 2108 efficacem
1056 2043 1252 2107 decrevimus
1282 2047 1315 2107 et
1343 2041 1383 2106 de
1404 2040 1489 2106 lacto
1511 2060 1550 2104 ac

360 2147 488 2211 realiter
508 2147 542 2210 in
564 2150 597 2211 et
619 2166 676 2229 per
696 2151 797 2211 totum
827 2148 959 2228 regnum
981 2146 1130 2212 Nostrum
1154 2146 1303 2211 Boemiae
1329 2150 1362 2210 et
1383 2146 1548 2212 universos

344 2250 523 2326 districtus
555 2251 657 2334 ipsius
681 2253 952 2335 justitiarios
982 2270 1039 2316 seu
1068 2269 1385 2333 poprawczones
1415 2249 1549 2315 Nostros

360 2355 518 2436 legitimos
541 2355 708 2420 statuimus
732 2373 802 2419 cum
825 2355 967 2437 plenaria
982 2359 1149 2439 potestate,
1173 2356 1255 2421 sicut
1270 2356 1304 2420 id
1318 2357 1423 2438 ipsum
1437 2354 1550 2420 literae

361 2456 435 2542 Maj.
459 2459 595 2525 Nostrae
617 2478 675 2542 per
688 2458 754 2524 Nos
777 2460 856 2542 ipsis
880 2459 1017 2563 desuper
1038 2462 1132 2526 datae
1155 2461 1271 2526 clarius
1286 2464 1477 2525 attestantur
1493 2511 1499 2524 .
1517 2511 1550 2524 ..

463 2580 584 2646 Idcirco
605 2580 672 2646 Fid.
689 2585 815 2647 vestrae
830 2582 949 2646 seriose
976 2583 1187 2665 praeciprmus
1202 2587 1235 2646 et
1253 2583 1311 2648 sub
1333 2583 1413 2664 regii
1433 2581 1552 2648 favoris

361 2687 491 2752 obtentu
513 2704 662 2768 expresse
684 2685 880 2768 mandamus,
904 2688 1029 2752 omnino
1045 2689 1194 2767 volentes
1218 2687 1373 2770 quatenus
1388 2687 1429 2752 ad
1443 2688 1550 2770 requi-

360 2791 507 2857 sitionem
531 2791 711 2875 hujusmodi
738 2792 982 2874 justitiariorum
1012 2811 1069 2858 seu
1098 2811 1356 2876 poprawczonum
1385 2793 1550 2857 districtus

360 2897 467 2977 vestri,
497 2897 620 2977 quoties
651 2914 730 2979 opus
759 2895 856 2961 fuerit
885 2901 917 2962 et
939 2916 995 2963 vos
1024 2916 1081 2980 per
1103 2888 1138 2961 se
1159 2897 1209 2961 rel
1232 2914 1307 2960 suos
1330 2896 1477 2961 duxerint
1498 2915 1549 2960 re·

361 3000 540 3083 quirendos,
571 3000 650 3082 ipsis
677 3000 719 3065 ad
742 3001 986 3068 conculcandam
1015 3007 1048 3067 et
1072 3001 1304 3084 reprimendam
1325 2999 1549 3081 maleficorum,

360 3108 523 3187 raptorum
545 3108 577 3170 et
599 3122 822 3187 oppressorum
851 3106 929 3172 dicti
958 3108 1047 3188 regni
1069 3106 1104 3172 Β.
1130 3110 1162 3171 et
1183 3107 1355 3173 incolarum
1376 3106 1478 3189 ipsius
1500 3111 1549 3170 te

360 3210 537 3275 meritatem
559 3211 768 3277 inconsultam
791 3216 896 3278 restra
919 3213 1059 3294 potentia
1080 3213 1157 3277 totis
1180 3213 1300 3278 nisibus
1323 3212 1472 3278 assistere
1495 3211 1550 3275 de·

359 3314 463 3380 beatis
485 3312 620 3379 fideliter
642 3322 676 3380 et
697 3321 810 3381 astare.
835 3315 927 3394 Quod
943 3316 1038 3381 etiam
1054 3317 1158 3382 eidem
1168 3317 1339 3400 justiciarii
1354 3321 1387 3382 et
1408 3335 1551 3400 popraw-

363 3438 475 3485 czones
498 3419 567 3485 vice
589 3420 752 3503 reciproca
775 3420 865 3486 vobis
886 3419 992 3486 lacere
1015 3421 1174 3487 debebunt
1196 3426 1228 3486 et
1249 3425 1403 3487 tenentur.

463 3525 507 3591 Et
539 3525 741 3591 nihilominus
772 3526 926 3606 volumus,
945 3525 1042 3608 ,quod
1070 3545 1143 3590 mox
1169 3526 1246 3591 visis
1268 3527 1489 3609 praesentibus
1517 3526 1551 3593 iu

362 3629 491 3697 civitate
514 3634 620 3697 restra
641 3632 674 3696 in
696 3631 774 3696 locis
799 3631 958 3696 consuetis
974 3630 1085 3696 diebus
1101 3630 1277 3696 forensibus
1292 3651 1369 3698 voce
1382 3633 1552 3714 preconica

359 3736 546 3818 proclamari
568 3735 695 3818 publice
716 3735 850 3816 faciatis
880 3740 916 3801 ut
945 3735 973 3800 si
1000 3735 1166 3818 quispiam,
1197 3738 1410 3820 cujuscunque
1441 3738 1549 3801 condi-

359 3841 455 3905 tionis
478 3859 535 3907 seu
558 3845 659 3906 status
682 3839 805 3921 existat,
837 3840 1018 3923 hujusmodi
1041 3841 1276 3922 ordinationem,
1300 3844 1420 3906 statuta
1442 3846 1476 3907 et
1497 3842 1552 3906 de·

361 3949 447 4012 creta
479 3963 517 4011 ac
557 3945 702 4028 justitiae
735 3963 920 4026 processum
952 3945 1105 4028 impedire
1139 3950 1303 4011 conaretur
1335 3965 1393 4013 seu
1429 3947 1551 4012 eisdem

360 4048 466 4116 forsan
488 4069 523 4114 se
545 4068 702 4132 opponere
724 4054 950 4132 praesumeret,
978 4051 1062 4133 quod
1084 4054 1199 4117 extunc
1221 4052 1301 4118 sciat
1322 4051 1493 4118 adversum
1517 4070 1551 4116 se

360 4159 511 4238 tanquam
532 4152 702 4220 malificum
725 4159 757 4220 et
778 4155 928 4221 rebellem
957 4155 1077 4222 ultione
1107 4159 1261 4240 condigna
1283 4157 1398 4224 acriter
1422 4173 1551 4241 proces-

362 4279 478 4327 surum.
851 4264 854 4268 ’

465 4364 739 4448 Sequunturergo
762 4365 905 4430 articuli:
929 4363 1070 4431 Berones
1093 4365 1241 4431 videlicet
1263 4415 1269 4431 .
1295 4416 1301 4430 .
1326 4415 1332 4430 .
