3225 5017
632 306 737 354 uun
1364 302 1505 374 caps
1530 301 1681 356 VHI.
1728 302 1839 358 Res
1875 303 2294 358 ecclesiastieae.

628 494 881 574 publius
925 494 1277 558 denuntiati
1322 515 1361 560 a
1403 496 1576 560 nullo
1622 501 1877 579 praeter
1935 516 1975 561 a
2027 495 2282 562 Summo
2351 493 2656 561 Pontifioe
2712 496 3007 562 absoluti-

628 602 769 666 onis
817 598 1189 666 benefissiutu
1237 601 1515 682 poterint
1557 602 1859 668 obtinere.

837 706 893 770 Ξ,
973 706 1133 770 Item
1193 705 1581 787 mandamus,
1642 710 1714 770 ut
1755 707 1965 771 nullus
2020 711 2303 772 vestrum
2362 709 2734 786 apostatam,
2807 706 3009 788 cujus-

632 830 877 890 cunque
921 810 1241 890 religionis
1289 810 1539 891 existat,
1605 829 1724 876 nee
1769 811 2069 876 clericum
2126 811 2528 892 peregrinum
2585 810 2668 874 ad
2730 828 2801 874 se
2858 810 3010 874 reei-

628 914 781 994 piat,
829 914 1133 998 ipsusqus
1173 918 1241 978 iu
1289 933 1404 981 sua
1446 915 1718 982 eeclesia
1764 916 2086 983 celebrare
2131 916 2471 998 permittat.

837 1022 893 1082 [Ι.
985 1021 1145 1086 Item
1213 1020 1570 1101 statuimus
1630 1022 1704 1085 ut
1759 1021 1973 1086 nullus
2031 1012 2338 1086 laieorum
2395 1021 2463 1085 in
2505 1023 2719 1086 vestra
2780 1018 3011 1083 diocesi

632 1126 997 1206 degentium
1041 1126 1318 1206 puellam
1378 1127 1480 1192 vel
1546 1127 1877 1191 mulierem
1936 1126 2217 1210 aliquam
2275 1126 2460 1191 alteri
2519 1124 2679 1190 laico
2738 1127 3010 1206 praeter-

636 1250 825 1310 quam,
869 1250 985 1310 per
1029 1250 1213 1294 suum
1257 1232 1671 1314 sacerdotem,
1720 1236 1785 1298 et
1827 1232 1947 1297 hoo
1976 1232 2043 1297 in
2070 1229 2236 1298 faeie
2282 1230 2610 1310 eeclesiae,
2654 1233 3011 1312 praesumat

636 1334 1181 1402 matrimonialiter
1229 1338 1644 1420 desponsare3
1692 1337 1851 1403 alias
1895 1336 2260 1420 hujusmodi
2304 1336 2501 1401 laicos
2553 1334 2771 1400 taliter
2811 1332 3010 1397 facere

632 1446 1109 1518 praesumentss
1157 1442 1819 1508 exsommunioationis
1864 1443 2215 1508 sententiae
2244 1442 2536 1507 volumus
2580 1440 2923 1523 subjacere.

841 1546 937 1610 10.
989 1546 1305 1627 Valente-s,
1355 1551 1426 1612 ut
1468 1548 1748 1613 universi
1795 1547 2205 1613 ecelesiarum
2251 1545 2503 1628 plebani
2563 1545 2726 1609 hano
2787 1543 3006 1607 eonsti-

628 1650 937 1714 tutiuuem
1005 1658 1285 1714 nusi-ram
1350 1669 1562 1718 eoram
1636 1653 1869 1735 populo
1938 1653 2003 1716 in
2068 1652 2321 1717 illorum
2396 1650 2683 1715 eeclesiis
2753 1647 3007 1729 singulis

632 1754 853 1818 diebus
901 1754 1233 1822 duminisis
1281 1759 1565 1821 materna
1610 1756 1827 1837 lingua
1872 1756 2085 1822 dicere
2128 1775 2253 1820 non
2297 1755 2649 1820 obmittant.

841 1858 1113 1926 [Inserta-m.
1137 1859 1312 1914 &alfei
1329 1860 1562 1912 Romano
1580 1861 1789 1915 membr.
1823 1877 1958 1913 saec.
1983 1861 2110 1914 XII.
2124 1881 2141 1924 ‚·
2165 1860 2307 1927 typis
2331 1859 2653 1926 exscriptum
2677 1876 2712 1909 a
2742 1857 2808 1907 B.
2836 1856 3009 1906 Dudik

628 1946 684 1994 in
725 1946 857 1998 tiz-m
893 1946 1033 2010 „lter
1073 1946 1394 1999 Romu-smm“
1428 1947 1472 2001 I.
1509 1948 1656 2013 212.)

841 2122 1169 2186 Solutiu
1217 2122 1749 2188 decimalium
1795 2126 1874 2187 et
1915 2121 2343 2188 fumalium
2388 2122 2787 2206 episeopo
2839 2118 3006 2184 Pra-

632 2226 869 2306 ΕΒΗ-,ἰ
917 2227 1570 2310 sumpetentium
1621 2227 1805 2293 1315.

837 2330 877 2394 J
885 2330 1161 2398 ohannes
1209 2331 1398 2414 (HL),
1445 2333 1568 2398 Dei
1601 2383 1616 2397 .
1650 2382 1663 2397 .
1702 2382 1715 2397 .
1766 2330 1997 2396 dilecto
2046 2331 2170 2397 sibi
2213 2333 2280 2396 in
2326 2331 2577 2398 Christo
2616 2380 2629 2395 .
2668 2381 2682 2396 .
2718 2380 2732 2396 .
2783 2330 3005 2395 decano

640 2438 929 2502 sulutem.

841 2542 1005 2622 Quia
1053 2542 1217 2606 sisui]
1265 2541 1442 2608 nobis
1488 2541 1858 2624 exposuisti,
1905 2541 2086 2606 multi
2136 2543 2244 2624 qui
2290 2541 2355 2606 in
2394 2542 2704 2606 decanatu
2733 2544 2842 2604 tuo
2872 2557 3005 2603 con-

636 2650 885 2726 sistunt,
953 2650 1197 2710 nostros
1245 2645 1585 2710 decimales
1632 2645 1925 2710 denarios
1983 2664 2108 2710 non
2154 2647 2407 2711 solvunt
2445 2665 2563 2710 nee
2617 2647 2840 2711 curant
2893 2644 3005 2708 sol-

632 2770 801 2830 vera
849 2752 1371 2834 quanduuumque
1414 2749 1619 2831 rigide
1663 2754 2066 2815 moneantur:
2130 2769 2327 2832 quare
2371 2769 2452 2814 ne
2496 2750 2588 2815 sio
2640 2769 2756 2833 per
2797 2750 3005 2815 talium

632 2858 1085 2922 inuhidentiam
1125 2858 1273 2938 jura
1310 2860 1528 2920 nostra
1568 2859 1939 2921 remaneant
1982 2854 2276 2936 insoluta,
2323 2858 2395 2919 ut
2445 2855 2588 2919 illos
2648 2874 2862 2921 omnes
2906 2853 3003 2934 qui

636 2962 809 3042 ipsus
853 2966 1101 3026 nostrus
1149 2962 1489 3027 desimales
1532 2961 1635 3027 vel
1695 2960 1961 3025 fumales
2007 2960 2299 3026 denarios
2344 2980 2460 3042 per
2520 2964 2585 3024 te
2635 2961 2855 3025 moniti
2895 2976 3005 3023 non

636 3066 905 3146 saltumn
981 3066 1538 3145 exsummunieara
1619 3065 2007 3148 suspendere
2073 3066 2152 3130 ab
2228 3064 2439 3129 officio
2507 3068 2572 3130 et
2636 3064 2885 3142 diviniS,
2950 3065 3008 3124 et

640 3190 855 3234 eurum
917 3170 1221 3234 essslesius
1289 3169 1621 3236 interdicto
1690 3169 2002 3252 subjicere
2069 3172 2135 3233 et
2194 3187 2443 3234 omnem
2500 3170 2692 3235 aliam
2755 3185 3003 3251 poenam

636 3278 1029 3358 slkiiritualeffl
1077 3282 1141 3338 et
1189 3275 1636 3358 pesuniariam‚
1685 3293 1875 3357 quam
1920 3291 2028 3337 eos
2073 3274 2276 3355 magis
2306 3274 2531 3338 timere
2561 3273 2816 3352 videris,
2861 3270 3001 3352 ipsis

636 3382 957 3462 impuuere
1005 3382 1237 3458 πεῑιΙΕὲιΕ,
1297 3380 1550 3461 plenam
1607 3379 1727 3444 tibi
1788 3382 1854 3443 et
1897 3396 2261 3460 expressam
2321 3382 2538 3442 tenore
2594 3375 3002 3459 praesentium

640 3486 1041 3550 sunussdimus
1089 3486 1471 3549 simultatem.

845 3590 993 3654 [finci.
1037 3590 1205 3654 Capit.
1245 3590 1400 3658 Pray.
1438 3589 1484 3640 1.
1519 3591 1605 3642 40.
1643 3590 1813 3641 Fbrm.
1851 3589 1925 3642 II.
1961 3590 2066 3639 223
2102 3590 2159 3654 a)

849 3770 997 3818 1335.
1053 3761 1376 3818 Honorabili
1410 3761 1545 3830 viro,
1579 3762 1638 3814 in
1678 3761 1895 3817 Christo
1932 3760 2151 3816 domino
2186 3761 2427 3816 Thomae
2474 3759 2855 3815 archidiacono
2889 3759 2997 3812 Pra-

636 3850 789 3918 gensi
829 3854 929 3902 ete.
965 3850 1229 3902 'Hiuulaus
1265 3846 1332 3902 de
1366 3847 1659 3915 Malschin‚
1693 3846 1961 3903 Rinoldus
1987 3847 2056 3902 de
2080 3847 2289 3902 Merioa
2312 3847 2659 3902 ecclesiarum
2687 3847 2998 3918 plebani...

636 3934 941 3990 seeundum
1001 3938 1169 3990 vestii
1221 3933 1463 3989 mandati
1521 3935 1995 3989 transmissionem
2050 3935 2311 3989 ecelesiae
2363 3936 2420 3988 in
2472 3934 2599 3989 Alto
2654 3935 2810 3990 Vado
2864 3948 2999 4004 paro-

636 4022 813 4078 ehium
853 4030 1209 4094 peragrantes
1249 4022 1560 4092 untuoginta
1607 4028 1823 4075 centum
1859 4022 2106 4093 hospites
2156 4021 2450 4076 secundum
2502 4038 2689 4076 verum
2742 4036 2999 4076 numerum

636 4110 885 4178 ejusdem.
921 4110 1217 4178 paroehiae
1253 4126 1350 4180 per
1383 4126 1488 4165 nos
1525 4116 1820 4164 annotatos
1858 4109 2163 4164 invenimus
2201 4116 2350 4163 certa
2397 4108 2520 4177 fide,
2555 4109 2660 4163 hac
2695 4109 2802 4164 vid.
2848 4107 2999 4163 consi-

636 4198 917 4250 deratiufle
977 4194 1253 4266 adjuuuta,
1305 4197 1451 4268 quod
1488 4197 1545 4251 in
1582 4214 1694 4251 una
1747 4196 1853 4252 vid.
1904 4198 2082 4265 stuba,
2133 4197 2260 4251 licet
2313 4196 2604 4266 aliquando
2662 4206 2891 4267 quatuor
2931 4193 2997 4246 vel

636 4286 877 4354 quinque
913 4286 993 4338 vel
1033 4294 1145 4338 tres
1181 4290 1599 4352 enumerentur,
1635 4291 1817 4338 tamen
1857 4286 2031 4339 solum
2069 4283 2207 4338 duos
2254 4284 2484 4338 fumales
2532 4284 2869 4340 Pataviensis
2904 4297 2996 4334 mo-

640 4382 797 4426 netae
825 4370 953 4426 dare
981 4379 1396 4426 consueverunt.
1431 4373 1724 4426 Praeterea
1750 4378 1987 4441 quatuor
2021 4373 2180 4426 villae
2212 4379 2266 4425 et
2290 4369 2550 4442 oppidum
2575 4387 2677 4441 per
2701 4370 2993 4442 spoliatores

3126 545 3128 661 l
