3225 5017
312 329 344 380 62
512 324 578 396 Cap.
595 325 616 381 I.
634 325 689 382 Res
707 324 743 381 ad
760 324 837 394 regui
855 322 1119 380 administrationem
1137 326 1303 393 spectantes.

183 512 191 593 f
309 524 401 585 rata.
420 569 426 585 .
444 569 476 585 ..
499 520 536 585 Iu
558 520 806 604 recognitionem
827 540 902 588 vero
916 522 1070 589 honorum
1085 520 1320 604 episcopalium
1344 538 1426 604 quae
1443 521 1505 588 tibi

311 624 509 708 contulimus,
531 626 623 693 dabis
644 626 736 693 aunis
758 626 892 710 siugulis
914 626 1073 694 canonicis
1095 621 1250 693 ecclesiae
1270 629 1397 693 nostrae
1417 645 1505 692 men-

310 747 416 795 suram
439 750 533 797 unam
554 731 662 814 tritici,
695 730 907 801 coutinentem
928 731 1069 798 modium
1091 750 1188 797 uuum
1211 726 1432 815 ophionem,
1462 732 1505 797 (16

309 852 418 902 manso
441 835 509 903 sive
532 836 573 903 (16
593 837 685 903 laneo
700 835 851 921 quolibet,
875 842 908 903 et
930 837 969 903 (16
984 837 1103 904 mansis
1125 836 1290 903 dumtaxat
1303 837 1503 904 censualibus

308 940 377 1021 tibi,
408 940 449 1006 (16
471 940 587 1008 allodio
608 944 673 1022 tuo,
704 940 745 1007 de
774 940 962 1009 zluhouibus
982 946 1025 1020 ,61
1053 942 1094 1008 (16
1122 961 1232 1009 mauso
1257 942 1375 1026 jndicis
1404 942 1503 1008 nichil

309 1044 409 1111 dabis.
432 1080 476 1095 —
497 1046 579 1113 Item
600 1046 641 1112 do
661 1045 752 1113 bouis
768 1046 893 1129 emptis,
916 1049 954 1111 ut
974 1047 1014 1114 ab
1029 1046 1096 1125 hiis
1108 1046 1245 1113 discerni
1259 1046 1390 1131 possint
1413 1047 1501 1113 simi-

307 1149 382 1215 liter
402 1149 481 1217 nihil
503 1152 615 1219 solves.
645 1189 689 1199 —
718 1152 767 1219 De
788 1151 961 1236 praedictis
989 1152 1081 1219 bouis
1103 1152 1247 1219 omnibus
1276 1152 1310 1217 iu
1330 1152 1502 1219 necessita·

308 1254 394 1322 tibus
423 1260 483 1323 etc.
515 1258 645 1324 sorvita
669 1256 769 1325 facies
797 1254 957 1339 militaria,
987 1258 1021 1323 in
1049 1258 1146 1325 armis
1174 1256 1238 1324 vid.
1269 1262 1303 1325 et
1331 1258 1501 1339 dextrario,

308 1361 570 1447 quandocumque
591 1382 649 1447 per
669 1381 727 1430 uos
749 1366 806 1431 aut
827 1380 1027 1431 successores
1052 1366 1178 1430 nostros
1198 1362 1297 1430 fusus
1318 1362 1500 1449 requisitus.

414 1500 496 1573 (Orip.
514 1501 543 1557 ic
561 1502 633 1556 arod.
651 1502 791 1557 Kranaia.
810 1533 844 1543 -
862 1503 962 1558 Bocaok
978 1503 1030 1557 ΠΙ.
1048 1505 1108 1557 362.
1126 1504 1194 1558 aaut.
1212 1503 1250 1556 Π.
1267 1504 1340 1572 449⁰)

413 1674 505 1745 1264.
529 1679 580 1746 29.
604 1679 679 1763 Apr.
704 1679 839 1745 Bruno
862 1698 917 1763 ep.
941 1679 1081 1748 Thomas
1094 1680 1212 1747 famulo
1226 1699 1284 1746 suo
1295 1680 1369 1765 juro
1382 1679 1501 1746 feudali

308 1784 429 1851 confert
449 1786 557 1852 villam
586 1786 799 1869 episcopalem
821 1785 923 1853 stin
952 1786 1047 1852 sitam
1075 1785 1108 1852 iu
1129 1786 1261 1853 Boemia
1291 1805 1363 1851 cum
1383 1787 1501 1851 molon-

307 1889 381 1955 dino
403 1908 500 1973 super
520 1888 646 1958 Albium
673 1890 708 1956 iu
730 1890 870 1973 Bocmia,
901 1909 984 1975 quae
1013 1893 1118 1957 omnia
1140 1890 1215 1957 data
1244 1896 1319 1959 sunt
1339 1890 1398 1958 tibi
1427 1911 1499 1957 cum

307 2014 405 2062 uxore
423 1999 489 2079 tua,
512 2000 545 2063 61
559 1996 668 2064 villam
682 1995 828 2079 Sorotitz,
851 2016 947 2081 quam
968 2015 1040 2062 cum
1062 1997 1134 2064 aliis
1155 1996 1250 2064 temis
1272 2000 1306 2063 et
1326 1997 1501 2081 posscssio-

305 2101 398 2167 uibus
419 2101 603 2169 immediate
624 2101 842 2187 adjacentibus
864 2102 955 2185 ipsae
976 2102 1082 2183 villae,
1109 2101 1196 2185 apud
1217 2101 1410 2185 Prageusem
1432 2102 1501 2184 epi-

307 2227 437 2291 scopum
458 2226 516 2292 pro
538 2208 581 2273 36
596 2207 711 2274 marcis
734 2207 857 2290 argenti
880 2207 1048 2291 emptionis
1069 2195 1161 2274 titulo
1184 2207 1383 2291 comparasti,
1406 2206 1502 2273 sitam

306 2314 339 2379 iu
361 2312 492 2379 Boemia
513 2312 598 2396 apud
620 2311 816 2397 praedictam
837 2310 946 2378 villam
967 2310 1069 2378 Zewiz
1099 2291 1224 2394 (disice
1246 2309 1331 2393 166).

410 2453 461 2523 (Io.
479 2452 578 2507 Bocaeelc
595 2452 647 2506 ΠΙ.
665 2454 725 2506 3116.
744 2453 813 2505 Emi.
831 2451 868 2507 ΙΙ.
887 2452 959 2519 450.)

412 2628 503 2697 1268.
529 2630 557 2696 7.
573 2627 649 2713 Apr.
673 2628 780 2695 Bruuo
802 2628 897 2712 episc.
923 2626 1048 2695 domiuo
1065 2627 1156 2694 Gallo
1179 2627 1220 2693 de
1234 2580 1445 2693 Lewouborch
1468 2629 1503 2691 et

305 2737 456 2805 fratribus
491 2738 560 2823 ejus
593 2735 714 2803 confert
742 2735 851 2802 villam
884 2733 1097 2818 episcopalem
1127 2732 1274 2800 Chothuu
1305 2732 1340 2798 iu
1368 2730 1502 2798 Bocmia

305 2844 399 2909 titulo
421 2842 506 2909 feodi
529 2840 761 2955 possidendam.

411 2982 498 3049 (soa.
517 2980 565 3034 JV.
583 2981 637 3049 10.)

411 3156 503 3222 1307.
527 3154 592 3222 Nos
615 3154 720 3221 Witco
743 3154 846 3220 dictus
869 3154 910 3220 (16
932 3153 1121 3235 Swabcnioz,
1152 3153 1345 3220 camerarius
1368 3152 1501 3219 Olomu-

199 3302 202 3312 =
306 3262 419 3343 censis,
448 3260 633 3329 Herbordus
663 3258 865 3340 camerarius,
895 3257 1040 3325 Andreas
1070 3259 1111 3323 (16
1140 3256 1386 3339 (lethochowicz,
1418 3255 1502 3322 Gon-

304 3366 401 3432 radus
424 3365 464 3430 (16
486 3365 591 3446 Gelon,
614 3363 705 3429 Buuo
731 3362 772 3428 (16
793 3360 1014 3429 Thoschowioz
1044 3366 1077 3429 61
1095 3361 1301 3447 Heymauuus
1330 3380 1436 3428 comes
1458 3362 1503 3427 (16

305 3472 444 3556 Przybor
464 3488 561 3554 super
582 3468 820 3551 dissensionem,
844 3487 925 3551 quae
946 3468 1030 3534 iuter
1051 3468 1234 3553 episcopum
1256 3467 1502 3535 Olomuceusem

306 3597 345 3645 ex
370 3596 441 3660 vua,
465 3580 498 3642 st
522 3577 606 3643 inter
630 3574 806 3658 Nicolaum,
840 3571 1040 3657 quozouem,
1074 3572 1278 3657 Francouem,
1313 3571 1396 3640 filios
1418 3565 1501 3639 ¹eius

305 3683 346 3750 (16
366 3680 532 3767 (ihoryuie,
562 3699 599 3748 ac
619 3678 802 3761 Hemicum,
833 3678 1027 3745 Frauooucm
1056 3678 1097 3744 (16
1119 3676 1269 3762 Modricu,
1299 3677 1501 3763 Heymauum

301 3789 347 3854 Ι(16
369 3786 533 3870 Slapauioz
561 3782 643 3851 filios
666 3782 843 3850 Luczhonis
866 3834 873 3849 .
898 3834 905 3849 .
930 3834 937 3849 .
961 3780 1043 3848 filios
1065 3781 1220 3848 Johaunis
1249 3784 1289 3849 (16
1311 3784 1439 3850 Luczka
1459 3804 1501 3849 66

304 3891 387 3960 filios
408 3890 597 3958 Theudorici
618 3891 658 3956 de
673 3889 799 3957 Brauek
822 3908 861 3955 ex
883 3890 983 3955 altera
1004 3891 1103 3972 parto·
1116 3887 1226 3955 habita
1248 3894 1305 3970 est,
1329 3889 1501 3955 commissa

304 3998 395 4065 uobis
416 4017 474 4081 per
494 3998 601 4082 ipsum
621 3995 834 4063 venerabilem
856 3994 1017 4062 domiuum
1036 3997 1188 4077 nostran,
1214 3994 1399 4078 episcopum
1422 3994 1500 4061 Olo-

304 4122 493 4186 muceusem,
516 4106 610 4188 prout
623 4100 848 4169 'ordinarumus
871 4104 904 4167 61
918 4098 1176 4167 concordauimus
1199 4100 1240 4167 ad
1261 4100 1408 4183 inuicem,
1423 4119 1499 4184 pro-

303 4209 498 4290 nunciamus,
521 4208 719 4292 publicamus
741 4212 775 4274 61
796 4205 985 4292 proferimus
1005 4206 1039 4272 in
1060 4204 1123 4272 hiis
1145 4205 1289 4289 scriptis:
1444 4289 1448 4293 η

408 4316 436 4383 1.
459 4314 565 4382 Primo
595 4313 680 4399 quod
708 4314 778 4397 ipse
807 4311 997 4379 venerabilis
1024 4314 1133 4378 noster
1161 4310 1305 4377 dominus
1334 4308 1498 4377 iohannes

303 4420 471 4508 episcopus
505 4418 724 4497 Olomuceusis
756 4417 898 4503 Nicolao,
930 4416 1091 4502 Jeuozoui,
1124 4415 1278 4485 Francoui
1314 4419 1348 4483 61
1381 4415 1497 4483 aeteus
