3225 5017
256 293 289 343 12
459 287 524 357 Gap.
541 290 563 345 1.
580 288 636 345 Res
654 289 689 345 ad
706 290 783 361 regni
801 288 1064 345 administrationem
1083 247 1246 359 dpeetantes.

255 483 373 551 Albera
388 534 395 549 .
413 533 420 548 .
438 534 444 548 .
463 536 469 551 .
493 483 617 551 Wanko
640 489 673 551 et
693 486 826 553 Pessilro
847 485 962 552 1161166
978 536 985 553 .
1003 536 1009 549 .
1027 536 1059 551 ..
1084 485 1235 551 Ubislaus
1257 504 1328 553 666
1348 485 1448 552 fratre

257 607 314 653 suo
336 588 492 673 Hynkone
507 640 514 655 .
532 640 563 655 ..
589 590 718 656 Simon.
737 641 743 656 .
762 642 792 657 ..
817 591 998 658 Bernardus
1014 644 1021 658 .
1039 642 1046 658 .
1064 643 1096 658 ..
1119 591 1259 659 ioannes
1281 591 1448 658 etBlazka

254 694 369 761 fratres
384 746 391 761 .
409 745 416 761 .
433 746 465 761 ..
497 695 660 779 ceterique
693 698 849 779 sagittarii
882 698 924 764 61
951 698 1177 764 villicationem
1199 697 1448 781 Kamyczensem

254 800 449 884 pertinentes
471 805 504 866 st
525 820 634 866 eorum
655 800 789 867 heredes
812 806 846 868 et
868 820 1076 881 successores,
1098 820 1219 868 necnon
1233 801 1370 867 1166616
1392 819 1448 867 no-

254 903 355 971 tarius
377 904 418 971 16
440 905 565 990 Kamyk
588 906 731 989 ejusdem
753 908 955 973 villicationis
985 926 1057 972 cum
1080 908 1097 971 1
1121 907 1153 986 1.,
1182 926 1278 990 quem
1296 905 1395 972 babet
1414 905 1449 971 in

258 1008 431 1090 Cossobud,
455 1014 488 1075 et
503 1011 520 1075 1
537 1011 569 1091 l.,
593 1028 687 1095 quem
708 1011 806 1079 habet
827 1013 860 1078 in
875 1012 1034 1079 Milessov
1052 1013 1120 1077 613
1137 1012 1342 1094 quartalibus,
1366 1030 1449 1094 quae

254 1114 352 1183 babet
373 1115 406 1180 16
426 1115 503 1181 villa
516 1114 667 1197 Petrzicz,
692 1119 724 1183 et
746 1118 854 1182 cum3
874 1116 1080 1201 quartalibus,
1103 1135 1186 1199 quae
1207 1116 1305 1183 habet
1324 1116 1358 1181 in
1371 1116 1449 1183 villa

253 1220 510 1301 Bezduchowicz,
533 1224 565 1285 et
587 1239 659 1286 cum
680 1221 954 1304 delentionalibus,
977 1240 1056 1306 quos
1076 1222 1261 1305 abantiquo
1282 1220 1395 1288 habuit
1415 1225 1449 1287 et

255 1325 351 1392 debet
378 1324 496 1391 habere
524 1324 558 1390 in
586 1324 728 1393 futurum
757 1327 790 1393 in
819 1328 984 1411 praedicta
1012 1328 1221 1407 villicatione3
1251 1324 1386 1393 heredes
1415 1329 1484 1403 et,
1597 1367 1598 1376 ,

255 1447 455 1496 successores
477 1430 617 1497 666166
630 1431 867 1514 praedictorum
888 1429 1124 1513 sagittariorum
1145 1431 1377 1497 infeodatorum
1397 1449 1448 1497 re-

254 1533 374 1616 galium
396 1534 437 1600 de
458 1534 599 1617 ipsorum
622 1532 725 1601 officio
747 1536 828 1603 nulli
850 1535 942 1601 alteri
958 1540 1182 1619 praeterquam
1202 1535 1301 1602 Nobis
1323 1537 1357 1601 in
1371 1553 1448 1618 quo-

253 1639 333 1706 libet
355 1639 516 1730 servitutis
532 1658 627 1706 onere
649 1640 690 1706 de
711 1658 821 1707 eorum
841 1641 942 1720 bonis,
965 1658 1048 1722 quac
1069 1640 1170 1723 ipsius
1185 1637 1280 1705 officii
1295 1639 1448 1722 (nomine)

254 1744 419 1828 possidere
440 1745 585 1826 debcant,
609 1745 773 1829 subjacere
791 1746 923 1827 dignum
938 1763 1119 1826 censemus;
1141 1745 1340 1826 arbitrantes,
1364 1744 1448 1827 quod

253 1853 422 1932 postquam
450 1849 548 1916 iidem
572 1849 674 1916 Nobis
704 1868 762 1917 sua
792 1850 923 1916 servitia
953 1850 1180 1934 compleverint
1208 1850 1284 1934 (vid.
1315 1849 1449 1934 quilibet

115 1941 117 1944 ¹
255 1972 363 2020 eorum
387 1973 458 2019 666
480 1974 544 2019 666
564 1955 681 2022 balista
703 1959 759 2020 661
780 1973 838 2038 pro
854 1973 912 2020 sua
926 1956 1147 2038 possibilitate,
1173 1956 1448 2039 quocienscunque

254 2063 288 2124 et
316 2059 567 2143 quandocunque
601 2078 656 2125 eos
689 2060 949 2144 perceperimus),
984 2059 1112 2125 16666
1144 2061 1184 2126 ab
1218 2059 1289 2125 aliis
1319 2059 1448 2141 quibus-

255 2183 379 2248 cunque
413 2164 560 2231 oneribus
593 2182 853 2249 quorumcunque
880 2164 1059 2231 villicorum
1092 2169 1148 2231 661
1179 2166 1310 2231 61161166
1344 2164 1448 2247 eujus-

255 2287 390 2353 cumque
412 2268 553 2352 deipsis
583 2269 716 2351 singulis
744 2269 836 2337 bonis
857 2268 1012 2336 faciendis
1033 2269 1171 2336 debeant
1198 2288 1261 2335 non
1289 2269 1448 2335 immerito

156 2384 165 2399 ·
254 2375 527 2457 supportari...
562 2374 649 2457 ipsos
679 2377 713 2441 61
740 2375 882 2458 ipsorum
910 2373 1068 2457 legitimos
1097 2374 1232 2440 heredes
1261 2377 1295 2440 61
1323 2391 1449 2440 succes-

255 2474 343 2544 sores
365 2479 405 2545 ab
428 2479 513 2545 6661
535 2480 702 2545 vexatione
723 2479 842 2546 liberos
863 2480 1102 2547 essevolumus
1125 2484 1159 2544 61
1178 2480 1307 2545 6616166.

358 2583 473 2651 Stricta
494 2584 592 2667 igitur
606 2588 639 2651 61
654 2583 774 2651 seriose
792 2585 989 2666 66616666,
1013 2588 1169 2669 quatenus
1183 2585 1289 2650 nullus
1305 2603 1344 2650 ex
1358 2584 1449 2650 vobis

253 2688 413 2775 praefatos
437 2690 618 2771 sagittarios
632 2690 767 2757 Nostros
790 2709 829 2755 ex
850 2709 934 2755 nunc
955 2691 989 2756 in
1010 2694 1104 2757 antea
1125 2690 1262 2756 debeant
1283 2693 1338 2755 aut
1358 2708 1450 2773 prae-

254 2798 381 2861 sumant
408 2795 441 2859 in
469 2795 610 2879 ipsorum
640 2796 836 2878 6611611616,
866 2796 959 2862 factis
988 2795 1021 2861 in
1049 2796 1191 2878 ipsorum
1219 2794 1450 2860 hereditatibus

254 2901 363 2967 autin
385 2904 548 2983 posterum
578 2920 636 2985 per
656 2901 744 2984 ipsos
774 2905 830 2966 aut
858 2900 993 2966 heredes
1013 2901 1156 2983 ipsorum
1177 2897 1298 2979 fiendis,
1327 2916 1450 2963 necnon

253 3006 287 3070 in
323 3004 464 3087 ipsorum
498 2996 718 3071 venationibus
759 3006 940 3088 aliqualiter
977 3004 1148 3088 impedire,
1183 3022 1245 3069 non
1281 3007 1450 3085 gravantes

156 3117 159 3123 '
255 3108 384 3175 eosdem
404 3109 512 3191 berna,
542 3110 706 3175 exactione
727 3110 779 3175 vel
801 3109 865 3175 alie
887 3109 1112 3192 aggravatione
1142 3109 1382 3193 qualicunque.
1408 3158 1414 3173 .
1440 3158 1447 3173 .

358 3247 397 3315 (Ε
412 3247 489 3313 copie
506 3247 579 3302 areb.
597 3248 675 3315 Prop.
694 3247 762 3302 mmo.
781 3246 844 3315 Ray.
865 3245 918 3300 ΠΙ.
935 3247 1007 3315 361.)

357 3422 435 3491 Nos
471 3422 654 3488 loannes
677 3472 684 3487 .
709 3471 748 3487 ..
782 3420 1048 3488 notumiacimus
1071 3425 1142 3505 etc,
1165 3422 1251 3505 quod
1272 3421 1347 3487 dum
1369 3422 1451 3489 alias

254 3527 379 3613 quando
402 3527 517 3595 dilecto
538 3524 625 3593 fideli
646 3525 763 3592 Nostro
783 3525 913 3592 iesconi
935 3526 976 3592 ds
996 3526 1130 3595 Nachod
1157 3529 1192 3595 16
1212 3545 1452 3612 recompensam

256 3632 352 3699 castri
381 3631 431 3697 sui
461 3635 495 3697 61
522 3632 676 3697 bonorum
704 3631 746 3697 ad
774 3631 880 3714 ipsum
906 3635 1045 3697 castrum
1066 3631 1199 3699 Nachod
1227 3634 1449 3717 spectantium,

256 3755 339 3821 quae
361 3736 422 3802 sibi
443 3755 507 3802 non
528 3736 597 3802 sine
620 3754 716 3803 causa
737 3735 935 3817 abstulimus,
959 3735 1020 3801 sibi
1042 3735 1083 3801 de
1104 3734 1191 3804 Silva
1212 3736 1330 3803 Nostra
1349 3738 1451 3821 Nigra

256 3860 328 3907 cum
359 3841 564 3925 proventibus
596 3842 693 3924 regiis
714 3841 747 3907 in
779 3844 878 3922 tanto,
912 3844 1029 3925 quanto
1058 3837 1126 3907 fieri
1160 3842 1275 3925 decuit,
1308 3844 1449 3925 gratiose

256 3945 403 4012 duximus
424 3945 662 4029 providendum,
686 3963 835 4028 expresse
849 3947 1042 4012 voluerimus
1065 3946 1148 4012 sicut
1168 3947 1271 4013 adhuc
1292 3948 1448 4027 volumus,

258 4050 342 4135 quod
371 4049 510 4115 universi
540 4050 736 4133 naprabones
758 4050 859 4132 ipsius
882 4049 988 4116 Silvae
1008 4050 1129 4116 nullum
1157 4052 1191 4117 in
1213 4070 1270 4117 suo
1288 4051 1398 4136 jurei
1436 4088 1449 4099 -

256 4154 330 4235 dali,
361 4152 446 4237 quod
468 4153 515 4219 eis
538 4154 621 4219 61661
643 4157 805 4218 eteorum
832 4155 1087 4237 progenitoribus
1116 4174 1155 4221 ex
1180 4143 1297 4221 Nostra
1319 4160 1352 4221 et
1373 4156 1448 4221 olim

256 4257 400 4346 divorum
421 4275 532 4339 regum
553 4256 703 4323 Boemiae
728 4255 868 4339 gratiosa
889 4260 1092 4326 concessione
1114 4262 1322 4344 competebat,
1352 4260 1448 4327 debe

245 4365 326 4453 ⁴rent
348 4362 577 4447 praejudicium
599 4361 726 4447 aliquod
749 4362 913 4429 sustinere.
945 4362 1089 4447 Cumque
1110 4384 1192 4431 nunc
1215 4369 1247 4432 et
1269 4366 1348 4433 alias
1370 4383 1447 4431 666-
