<?xml version="1.0" encoding="UTF-8"?>
<!DOCTYPE html PUBLIC "-//W3C//DTD XHTML 1.0 Transitional//EN"
    "http://www.w3.org/TR/xhtml1/DTD/xhtml1-transitional.dtd">
<html xmlns="http://www.w3.org/1999/xhtml" xml:lang="en" lang="en">
 <head>
  <title>
</title>
<meta http-equiv="Content-Type" content="text/html;charset=utf-8" />
  <meta name='ocr-system' content='tesseract 3.04.00' />
  <meta name='ocr-capabilities' content='ocr_page ocr_carea ocr_par ocr_line ocrx_word'/>
</head>
<body>
  <div class='ocr_page' id='page_1' title='image "./codexjurisbohem02kingoog_0057.png"; bbox 0 0 3225 5017; ppageno 0'>
   <div class='ocr_carea' id='block_1_1' title="bbox 135 0 505 62">
    <p class='ocr_par' dir='ltr' id='par_1_1' title="bbox 135 0 505 62">
     <span class='ocr_line' id='line_1_1' title="bbox 135 0 505 62; baseline 0 4955"><span class='ocrx_word' id='word_1_1' title='bbox 135 0 505 62; x_wconf 95' lang='lat' dir='ltr'> </span> 
     </span>
    </p>
   </div>
   <div class='ocr_carea' id='block_1_2' title="bbox 710 305 2682 403">
    <p class='ocr_par' dir='ltr' id='par_1_2' title="bbox 710 305 2682 403">
     <span class='ocr_line' id='line_1_2' title="bbox 710 305 2682 403; baseline 0.004 -24"><span class='ocrx_word' id='word_1_2' title='bbox 710 325 841 397; x_wconf 85' lang='lat' dir='ltr'>Cap.</span> <span class='ocrx_word' id='word_1_3' title='bbox 877 328 918 381; x_wconf 92' lang='grc' dir='ltr'>Ι.</span> <span class='ocrx_word' id='word_1_4' title='bbox 954 326 1064 383; x_wconf 88' lang='lat' dir='ltr'>Res</span> <span class='ocrx_word' id='word_1_5' title='bbox 1103 327 1173 383; x_wconf 84' lang='lat' dir='ltr'>ad</span> <span class='ocrx_word' id='word_1_6' title='bbox 1208 331 1361 399; x_wconf 90' lang='lat' dir='ltr'>regni</span> <span class='ocrx_word' id='word_1_7' title='bbox 1394 305 1923 387; x_wconf 83' lang='lat' dir='ltr'>administrationem</span> <span class='ocrx_word' id='word_1_8' title='bbox 1961 338 2286 403; x_wconf 60' lang='lat' dir='ltr'>spectantes</span> <span class='ocrx_word' id='word_1_9' title='bbox 2615 339 2682 387; x_wconf 85' lang='grc'>47</span> 
     </span>
    </p>
   </div>
   <div class='ocr_carea' id='block_1_3' title="bbox 297 516 2764 4485">
    <p class='ocr_par' dir='ltr' id='par_1_3' title="bbox 297 516 2764 4485">
     <span class='ocr_line' id='line_1_3' title="bbox 302 516 2686 592; baseline 0.005 -13"><span class='ocrx_word' id='word_1_10' title='bbox 302 516 663 585; x_wconf 89' lang='lat' dir='ltr'>molendino</span> <span class='ocrx_word' id='word_1_11' title='bbox 708 520 775 587; x_wconf 94' lang='lat' dir='ltr'>in</span> <span class='ocrx_word' id='word_1_12' title='bbox 820 518 1060 588; x_wconf 88' lang='lat' dir='ltr'>Sazava</span> <span class='ocrx_word' id='word_1_13' title='bbox 1104 542 1247 588; x_wconf 91' lang='lat' dir='ltr'>cum</span> <span class='ocrx_word' id='word_1_14' title='bbox 1291 521 1547 589; x_wconf 89' lang='lat' dir='ltr'>flumine</span> <span class='ocrx_word' id='word_1_15' title='bbox 1592 524 1814 591; x_wconf 91' lang='lat' dir='ltr'>eodem</span> <span class='ocrx_word' id='word_1_16' title='bbox 1859 524 2113 592; x_wconf 86' lang='lat' dir='ltr'>Sazawa</span> <span class='ocrx_word' id='word_1_17' title='bbox 2171 530 2236 590; x_wconf 92' lang='lat' dir='ltr'>et</span> <span class='ocrx_word' id='word_1_18' title='bbox 2286 527 2455 591; x_wconf 91' lang='lat' dir='ltr'>omni</span> <span class='ocrx_word' id='word_1_19' title='bbox 2497 526 2686 592; x_wconf 91' lang='lat' dir='ltr'>liber-</span> 
     </span>
     <span class='ocr_line' id='line_1_4' title="bbox 302 624 2685 713; baseline 0.005 -28"><span class='ocrx_word' id='word_1_20' title='bbox 302 626 435 686; x_wconf 91' lang='lat' dir='ltr'>tate</span> <span class='ocrx_word' id='word_1_21' title='bbox 481 629 545 689; x_wconf 91' lang='lat' dir='ltr'>et</span> <span class='ocrx_word' id='word_1_22' title='bbox 589 624 865 691; x_wconf 90' lang='lat' dir='ltr'>dominio</span> <span class='ocrx_word' id='word_1_23' title='bbox 908 628 989 692; x_wconf 90' lang='lat' dir='ltr'>ad</span> <span class='ocrx_word' id='word_1_24' title='bbox 1029 648 1103 694; x_wconf 91' lang='lat' dir='ltr'>ea</span> <span class='ocrx_word' id='word_1_25' title='bbox 1134 632 1461 711; x_wconf 80' lang='lat' dir='ltr'>spectante</span> <span class='ocrx_word' id='word_1_26' title='bbox 1505 634 1569 695; x_wconf 90' lang='lat' dir='ltr'>et</span> <span class='ocrx_word' id='word_1_27' title='bbox 1611 634 1744 694; x_wconf 92' lang='lat' dir='ltr'>toto</span> <span class='ocrx_word' id='word_1_28' title='bbox 1774 631 2080 713; x_wconf 87' lang='lat' dir='ltr'>quidquid</span> <span class='ocrx_word' id='word_1_29' title='bbox 2109 632 2302 697; x_wconf 90' lang='lat' dir='ltr'>habet</span> <span class='ocrx_word' id='word_1_30' title='bbox 2344 632 2408 696; x_wconf 91' lang='lat' dir='ltr'>in</span> <span class='ocrx_word' id='word_1_31' title='bbox 2437 630 2685 697; x_wconf 87' lang='lat' dir='ltr'>heredi-</span> 
     </span>
     <span class='ocr_line' id='line_1_5' title="bbox 303 726 2685 818; baseline 0.004 -28"><span class='ocrx_word' id='word_1_32' title='bbox 303 726 564 810; x_wconf 87' lang='lat' dir='ltr'>tatibus,</span> <span class='ocrx_word' id='word_1_33' title='bbox 633 730 813 795; x_wconf 90' lang='lat' dir='ltr'>bonis</span> <span class='ocrx_word' id='word_1_34' title='bbox 875 735 953 797; x_wconf 85' lang='lat' dir='ltr'>et</span> <span class='ocrx_word' id='word_1_35' title='bbox 997 733 1503 815; x_wconf 80' lang='lat' dir='ltr'>possessionibus</span> <span class='ocrx_word' id='word_1_36' title='bbox 1566 734 1948 816; x_wconf 89' lang='lat' dir='ltr'>supradictis</span> <span class='ocrx_word' id='word_1_37' title='bbox 2015 753 2158 799; x_wconf 90' lang='lat' dir='ltr'>cum</span> <span class='ocrx_word' id='word_1_38' title='bbox 2216 754 2434 799; x_wconf 88' lang='lat' dir='ltr'>eorum</span> <span class='ocrx_word' id='word_1_39' title='bbox 2491 735 2685 818; x_wconf 86' lang='lat' dir='ltr'>perti-</span> 
     </span>
     <span class='ocr_line' id='line_1_6' title="bbox 304 833 2686 921; baseline 0.004 -28"><span class='ocrx_word' id='word_1_40' title='bbox 304 833 538 898; x_wconf 89' lang='lat' dir='ltr'>nentiis</span> <span class='ocrx_word' id='word_1_41' title='bbox 565 834 895 916; x_wconf 90' lang='lat' dir='ltr'>universis,</span> <span class='ocrx_word' id='word_1_42' title='bbox 942 835 1141 902; x_wconf 91' lang='lat' dir='ltr'>Nobis</span> <span class='ocrx_word' id='word_1_43' title='bbox 1187 841 1251 901; x_wconf 92' lang='lat' dir='ltr'>et</span> <span class='ocrx_word' id='word_1_44' title='bbox 1295 838 1696 903; x_wconf 88' lang='lat' dir='ltr'>serenissimo</span> <span class='ocrx_word' id='word_1_45' title='bbox 1734 839 2004 921; x_wconf 83' lang='lat' dir='ltr'>principi</span> <span class='ocrx_word' id='word_1_46' title='bbox 2035 840 2284 904; x_wconf 91' lang='lat' dir='ltr'>domino</span> <span class='ocrx_word' id='word_1_47' title='bbox 2313 838 2686 905; x_wconf 89' lang='lat' dir='ltr'>Wenceslao</span> 
     </span>
     <span class='ocr_line' id='line_1_7' title="bbox 301 939 2684 1024; baseline 0.004 -26"><span class='ocrx_word' id='word_1_48' title='bbox 301 939 441 1019; x_wconf 89' lang='lat' dir='ltr'>regi</span> <span class='ocrx_word' id='word_1_49' title='bbox 482 952 725 1005; x_wconf 81' lang='lat' dir='ltr'>necnon</span> <span class='ocrx_word' id='word_1_50' title='bbox 754 939 1096 1006; x_wconf 84' lang='lat' dir='ltr'>heredibus</span> <span class='ocrx_word' id='word_1_51' title='bbox 1127 946 1191 1007; x_wconf 89' lang='lat' dir='ltr'>et</span> <span class='ocrx_word' id='word_1_52' title='bbox 1221 943 1692 1007; x_wconf 87' lang='lat' dir='ltr'>successoribus</span> <span class='ocrx_word' id='word_1_53' title='bbox 1722 942 1992 1023; x_wconf 81' lang='lat' dir='ltr'>Nostris,</span> <span class='ocrx_word' id='word_1_54' title='bbox 2038 944 2294 1024; x_wconf 91' lang='lat' dir='ltr'>regibus</span> <span class='ocrx_word' id='word_1_55' title='bbox 2323 943 2684 1024; x_wconf 88' lang='lat' dir='ltr'>Bohemiae,</span> 
     </span>
     <span class='ocr_line' id='line_1_8' title="bbox 301 1044 2686 1131; baseline 0.003 -26"><span class='ocrx_word' id='word_1_56' title='bbox 301 1060 419 1124; x_wconf 90' lang='lat' dir='ltr'>pro</span> <span class='ocrx_word' id='word_1_57' title='bbox 465 1044 840 1127; x_wconf 82' lang='lat' dir='ltr'>octingentis</span> <span class='ocrx_word' id='word_1_58' title='bbox 885 1047 1216 1128; x_wconf 84' lang='lat' dir='ltr'>sexagenis</span> <span class='ocrx_word' id='word_1_59' title='bbox 1267 1065 1628 1129; x_wconf 88' lang='lat' dir='ltr'>grossorum</span> <span class='ocrx_word' id='word_1_60' title='bbox 1673 1048 2072 1113; x_wconf 90' lang='lat' dir='ltr'>denariorum</span> <span class='ocrx_word' id='word_1_61' title='bbox 2114 1047 2542 1131; x_wconf 89' lang='lat' dir='ltr'>Pragensium,</span> <span class='ocrx_word' id='word_1_62' title='bbox 2606 1047 2686 1111; x_wconf 92' lang='lat' dir='ltr'>de</span> 
     </span>
     <span class='ocr_line' id='line_1_9' title="bbox 301 1148 2686 1236; baseline 0.002 -25"><span class='ocrx_word' id='word_1_63' title='bbox 301 1148 534 1228; x_wconf 90' lang='lat' dir='ltr'>quibus</span> <span class='ocrx_word' id='word_1_64' title='bbox 580 1150 643 1214; x_wconf 90' lang='lat' dir='ltr'>ei</span> <span class='ocrx_word' id='word_1_65' title='bbox 688 1151 1109 1217; x_wconf 86' lang='lat' dir='ltr'>satisfecimus</span> <span class='ocrx_word' id='word_1_66' title='bbox 1166 1152 1559 1234; x_wconf 80' lang='lat' dir='ltr'>integraliter</span> <span class='ocrx_word' id='word_1_67' title='bbox 1619 1157 1683 1217; x_wconf 90' lang='lat' dir='ltr'>et</span> <span class='ocrx_word' id='word_1_68' title='bbox 1740 1153 1822 1217; x_wconf 93' lang='lat' dir='ltr'>ad</span> <span class='ocrx_word' id='word_1_69' title='bbox 1880 1154 2152 1236; x_wconf 90' lang='lat' dir='ltr'>plenum,</span> <span class='ocrx_word' id='word_1_70' title='bbox 2212 1154 2333 1216; x_wconf 90' lang='lat' dir='ltr'>rite</span> <span class='ocrx_word' id='word_1_71' title='bbox 2377 1172 2452 1217; x_wconf 86' lang='lat' dir='ltr'>ac</span> <span class='ocrx_word' id='word_1_72' title='bbox 2494 1152 2686 1217; x_wconf 91' lang='lat' dir='ltr'>ratio-</span> 
     </span>
     <span class='ocr_line' id='line_1_10' title="bbox 299 1253 2687 1341; baseline 0.001 -24"><span class='ocrx_word' id='word_1_73' title='bbox 299 1253 600 1319; x_wconf 90' lang='lat' dir='ltr'>nabiliter</span> <span class='ocrx_word' id='word_1_74' title='bbox 640 1254 1014 1337; x_wconf 81' lang='lat' dir='ltr'>vendiderit,</span> <span class='ocrx_word' id='word_1_75' title='bbox 1076 1276 1149 1321; x_wconf 89' lang='lat' dir='ltr'>ac</span> <span class='ocrx_word' id='word_1_76' title='bbox 1195 1258 1273 1322; x_wconf 93' lang='lat' dir='ltr'>ob</span> <span class='ocrx_word' id='word_1_77' title='bbox 1318 1257 1437 1322; x_wconf 92' lang='lat' dir='ltr'>hoc</span> <span class='ocrx_word' id='word_1_78' title='bbox 1481 1276 1594 1341; x_wconf 87' lang='lat' dir='ltr'>pro</span> <span class='ocrx_word' id='word_1_79' title='bbox 1642 1276 1715 1323; x_wconf 90' lang='lat' dir='ltr'>se</span> <span class='ocrx_word' id='word_1_80' title='bbox 1754 1276 1995 1323; x_wconf 91' lang='lat' dir='ltr'>necnon</span> <span class='ocrx_word' id='word_1_81' title='bbox 2051 1258 2394 1324; x_wconf 90' lang='lat' dir='ltr'>heredibus</span> <span class='ocrx_word' id='word_1_82' title='bbox 2439 1261 2505 1323; x_wconf 91' lang='lat' dir='ltr'>et</span> <span class='ocrx_word' id='word_1_83' title='bbox 2548 1275 2687 1321; x_wconf 90' lang='lat' dir='ltr'>suc-</span> 
     </span>
     <span class='ocr_line' id='line_1_11' title="bbox 302 1359 2690 1445; baseline 0.001 -23"><span class='ocrx_word' id='word_1_84' title='bbox 302 1359 664 1425; x_wconf 89' lang='lat' dir='ltr'>cessoribus</span> <span class='ocrx_word' id='word_1_85' title='bbox 729 1360 863 1425; x_wconf 89' lang='lat' dir='ltr'>suis</span> <span class='ocrx_word' id='word_1_86' title='bbox 927 1360 1135 1425; x_wconf 87' lang='lat' dir='ltr'>medio</span> <span class='ocrx_word' id='word_1_87' title='bbox 1203 1366 1429 1442; x_wconf 83' lang='lat' dir='ltr'>castre,</span> <span class='ocrx_word' id='word_1_88' title='bbox 1504 1362 1985 1443; x_wconf 81' lang='lat' dir='ltr'>hereditatibus,</span> <span class='ocrx_word' id='word_1_89' title='bbox 2057 1362 2565 1445; x_wconf 86' lang='lat' dir='ltr'>possessionibus</span> <span class='ocrx_word' id='word_1_90' title='bbox 2625 1366 2690 1426; x_wconf 86' lang='lat' dir='ltr'>et</span> 
     </span>
     <span class='ocr_line' id='line_1_12' title="bbox 302 1462 2690 1550; baseline 0.001 -23"><span class='ocrx_word' id='word_1_91' title='bbox 302 1462 487 1527; x_wconf 91' lang='lat' dir='ltr'>bonis</span> <span class='ocrx_word' id='word_1_92' title='bbox 517 1462 880 1532; x_wconf 89' lang='lat' dir='ltr'>huiusmodi</span> <span class='ocrx_word' id='word_1_93' title='bbox 907 1464 1077 1530; x_wconf 91' lang='lat' dir='ltr'>idem</span> <span class='ocrx_word' id='word_1_94' title='bbox 1106 1464 1404 1531; x_wconf 87' lang='lat' dir='ltr'>Albertus</span> <span class='ocrx_word' id='word_1_95' title='bbox 1450 1484 1746 1550; x_wconf 85' lang='lat' dir='ltr'>expresse</span> <span class='ocrx_word' id='word_1_96' title='bbox 1775 1466 2246 1547; x_wconf 86' lang='lat' dir='ltr'>renuntiaverit,</span> <span class='ocrx_word' id='word_1_97' title='bbox 2292 1471 2480 1549; x_wconf 85' lang='lat' dir='ltr'>prout</span> <span class='ocrx_word' id='word_1_98' title='bbox 2507 1484 2690 1549; x_wconf 88' lang='lat' dir='ltr'>prae-</span> 
     </span>
     <span class='ocr_line' id='line_1_13' title="bbox 303 1566 2687 1654; baseline 0.003 -24"><span class='ocrx_word' id='word_1_99' title='bbox 303 1566 480 1632; x_wconf 92' lang='lat' dir='ltr'>dicta</span> <span class='ocrx_word' id='word_1_100' title='bbox 519 1572 730 1633; x_wconf 88' lang='lat' dir='ltr'>terrae</span> <span class='ocrx_word' id='word_1_101' title='bbox 773 1570 1007 1635; x_wconf 92' lang='lat' dir='ltr'>tabulis</span> <span class='ocrx_word' id='word_1_102' title='bbox 1051 1571 1229 1651; x_wconf 89' lang='lat' dir='ltr'>regni</span> <span class='ocrx_word' id='word_1_103' title='bbox 1272 1569 1616 1636; x_wconf 89' lang='lat' dir='ltr'>Bohemiae</span> <span class='ocrx_word' id='word_1_104' title='bbox 1653 1572 1836 1654; x_wconf 87' lang='lat' dir='ltr'>juxta</span> <span class='ocrx_word' id='word_1_105' title='bbox 1879 1571 2134 1637; x_wconf 89' lang='lat' dir='ltr'>solitum</span> <span class='ocrx_word' id='word_1_106' title='bbox 2181 1575 2327 1637; x_wconf 91' lang='lat' dir='ltr'>sunt</span> <span class='ocrx_word' id='word_1_107' title='bbox 2367 1572 2687 1654; x_wconf 86' lang='lat' dir='ltr'>inscripta.</span> 
     </span>
     <span class='ocr_line' id='line_1_14' title="bbox 514 1672 2690 1759; baseline 0.001 -22"><span class='ocrx_word' id='word_1_108' title='bbox 514 1672 798 1739; x_wconf 87' lang='lat' dir='ltr'>Tandem</span> <span class='ocrx_word' id='word_1_109' title='bbox 863 1675 1069 1739; x_wconf 89' lang='lat' dir='ltr'>dictus</span> <span class='ocrx_word' id='word_1_110' title='bbox 1136 1674 1435 1741; x_wconf 82' lang='lat' dir='ltr'>Albertus</span> <span class='ocrx_word' id='word_1_111' title='bbox 1502 1674 1702 1741; x_wconf 89' lang='lat' dir='ltr'>Nobis</span> <span class='ocrx_word' id='word_1_112' title='bbox 1773 1681 2076 1759; x_wconf 89' lang='lat' dir='ltr'>tanquam</span> <span class='ocrx_word' id='word_1_113' title='bbox 2146 1677 2281 1759; x_wconf 90' lang='lat' dir='ltr'>regi</span> <span class='ocrx_word' id='word_1_114' title='bbox 2347 1675 2690 1742; x_wconf 89' lang='lat' dir='ltr'>Bohemiae</span> 
     </span>
     <span class='ocr_line' id='line_1_15' title="bbox 299 1776 2690 1862; baseline 0.001 -20"><span class='ocrx_word' id='word_1_115' title='bbox 299 1776 631 1844; x_wconf 89' lang='lat' dir='ltr'>humiliter</span> <span class='ocrx_word' id='word_1_116' title='bbox 690 1779 1100 1862; x_wconf 85' lang='lat' dir='ltr'>supplicavit,</span> <span class='ocrx_word' id='word_1_117' title='bbox 1168 1783 1479 1861; x_wconf 89' lang='lat' dir='ltr'>quatenus</span> <span class='ocrx_word' id='word_1_118' title='bbox 1536 1780 1940 1847; x_wconf 89' lang='lat' dir='ltr'>medietatem</span> <span class='ocrx_word' id='word_1_119' title='bbox 1999 1782 2192 1846; x_wconf 87' lang='lat' dir='ltr'>castri</span> <span class='ocrx_word' id='word_1_120' title='bbox 2209 1832 2223 1861; x_wconf 97' lang='lat'>,</span> <span class='ocrx_word' id='word_1_121' title='bbox 2283 1781 2690 1861; x_wconf 81' lang='lat' dir='ltr'>hereditateS,</span> 
     </span>
     <span class='ocr_line' id='line_1_16' title="bbox 300 1884 2689 1968; baseline 0.001 -21"><span class='ocrx_word' id='word_1_122' title='bbox 300 1884 743 1965; x_wconf 86' lang='lat' dir='ltr'>possessiones</span> <span class='ocrx_word' id='word_1_123' title='bbox 788 1888 853 1950; x_wconf 92' lang='lat' dir='ltr'>et</span> <span class='ocrx_word' id='word_1_124' title='bbox 894 1884 1059 1949; x_wconf 89' lang='lat' dir='ltr'>bona</span> <span class='ocrx_word' id='word_1_125' title='bbox 1102 1884 1429 1967; x_wconf 88' lang='lat' dir='ltr'>praedicta</span> <span class='ocrx_word' id='word_1_126' title='bbox 1474 1903 1617 1949; x_wconf 90' lang='lat' dir='ltr'>cum</span> <span class='ocrx_word' id='word_1_127' title='bbox 1653 1886 1968 1951; x_wconf 91' lang='lat' dir='ltr'>universis</span> <span class='ocrx_word' id='word_1_128' title='bbox 2012 1905 2232 1951; x_wconf 89' lang='lat' dir='ltr'>eorum</span> <span class='ocrx_word' id='word_1_129' title='bbox 2272 1885 2689 1968; x_wconf 79' lang='lat' dir='ltr'>pertinentiiS,</span> 
     </span>
     <span class='ocr_line' id='line_1_17' title="bbox 304 1987 2692 2071; baseline 0 -20"><span class='ocrx_word' id='word_1_130' title='bbox 304 1992 384 2051; x_wconf 92' lang='lat' dir='ltr'>ut</span> <span class='ocrx_word' id='word_1_131' title='bbox 442 1987 812 2069; x_wconf 87' lang='lat' dir='ltr'>praefertur,</span> <span class='ocrx_word' id='word_1_132' title='bbox 874 1989 1014 2068; x_wconf 89' lang='lat' dir='ltr'>sibi,</span> <span class='ocrx_word' id='word_1_133' title='bbox 1074 2007 1314 2054; x_wconf 89' lang='lat' dir='ltr'>necnon</span> <span class='ocrx_word' id='word_1_134' title='bbox 1373 1989 1569 2055; x_wconf 91' lang='lat' dir='ltr'>nobili</span> <span class='ocrx_word' id='word_1_135' title='bbox 1612 1988 1935 2055; x_wconf 90' lang='lat' dir='ltr'>Zdenkoni</span> <span class='ocrx_word' id='word_1_136' title='bbox 1997 1991 2076 2055; x_wconf 93' lang='lat' dir='ltr'>de</span> <span class='ocrx_word' id='word_1_137' title='bbox 2128 1990 2467 2071; x_wconf 80' lang='lat' dir='ltr'>Sternberg</span> <span class='ocrx_word' id='word_1_138' title='bbox 2523 1989 2692 2053; x_wconf 91' lang='lat' dir='ltr'>dicto</span> 
     </span>
     <span class='ocr_line' id='line_1_18' title="bbox 301 2090 2696 2176; baseline 0.001 -22"><span class='ocrx_word' id='word_1_139' title='bbox 301 2092 391 2155; x_wconf 88' lang='lat' dir='ltr'>de</span> <span class='ocrx_word' id='word_1_140' title='bbox 434 2090 779 2176; x_wconf 88' lang='lat' dir='ltr'>Konopistz</span> <span class='ocrx_word' id='word_1_141' title='bbox 824 2111 937 2174; x_wconf 91' lang='lat' dir='ltr'>pro</span> <span class='ocrx_word' id='word_1_142' title='bbox 986 2111 1054 2157; x_wconf 92' lang='lat' dir='ltr'>se</span> <span class='ocrx_word' id='word_1_143' title='bbox 1100 2098 1165 2158; x_wconf 90' lang='lat' dir='ltr'>et</span> <span class='ocrx_word' id='word_1_144' title='bbox 1208 2112 1424 2159; x_wconf 89' lang='lat' dir='ltr'>eorum</span> <span class='ocrx_word' id='word_1_145' title='bbox 1479 2093 1824 2160; x_wconf 88' lang='lat' dir='ltr'>heredibus</span> <span class='ocrx_word' id='word_1_146' title='bbox 1866 2093 2166 2175; x_wconf 87' lang='lat' dir='ltr'>legitimis</span> <span class='ocrx_word' id='word_1_147' title='bbox 2210 2095 2276 2159; x_wconf 93' lang='lat' dir='ltr'>in</span> <span class='ocrx_word' id='word_1_148' title='bbox 2318 2097 2696 2176; x_wconf 88' lang='lat' dir='ltr'>perpetuum</span> 
     </span>
     <span class='ocr_line' id='line_1_19' title="bbox 297 2194 2692 2280; baseline 0.001 -21"><span class='ocrx_word' id='word_1_149' title='bbox 297 2194 482 2260; x_wconf 90' lang='lat' dir='ltr'>feudi</span> <span class='ocrx_word' id='word_1_150' title='bbox 524 2197 774 2261; x_wconf 89' lang='lat' dir='ltr'>nomine</span> <span class='ocrx_word' id='word_1_151' title='bbox 817 2196 1200 2280; x_wconf 88' lang='lat' dir='ltr'>possidenda</span> <span class='ocrx_word' id='word_1_152' title='bbox 1244 2198 1589 2263; x_wconf 91' lang='lat' dir='ltr'>concedere</span> <span class='ocrx_word' id='word_1_153' title='bbox 1634 2218 1709 2263; x_wconf 92' lang='lat' dir='ltr'>ac</span> <span class='ocrx_word' id='word_1_154' title='bbox 1754 2198 2035 2263; x_wconf 89' lang='lat' dir='ltr'>conferre</span> <span class='ocrx_word' id='word_1_155' title='bbox 2095 2198 2471 2263; x_wconf 89' lang='lat' dir='ltr'>auctoritate</span> <span class='ocrx_word' id='word_1_156' title='bbox 2515 2198 2692 2279; x_wconf 87' lang='lat' dir='ltr'>regia</span> 
     </span>
     <span class='ocr_line' id='line_1_20' title="bbox 300 2300 2694 2384; baseline 0.001 -20"><span class='ocrx_word' id='word_1_157' title='bbox 300 2300 653 2366; x_wconf 87' lang='lat' dir='ltr'>Bohemiae</span> <span class='ocrx_word' id='word_1_158' title='bbox 698 2300 1115 2383; x_wconf 88' lang='lat' dir='ltr'>dignaremur.</span> <span class='ocrx_word' id='word_1_159' title='bbox 1185 2302 1319 2374; x_wconf 87' lang='lat' dir='ltr'>Nos</span> <span class='ocrx_word' id='word_1_160' title='bbox 1362 2322 1512 2368; x_wconf 90' lang='lat' dir='ltr'>vero</span> <span class='ocrx_word' id='word_1_161' title='bbox 1560 2303 1973 2367; x_wconf 87' lang='lat' dir='ltr'>consideratis</span> <span class='ocrx_word' id='word_1_162' title='bbox 2018 2300 2310 2368; x_wconf 90' lang='lat' dir='ltr'>fidelibus</span> <span class='ocrx_word' id='word_1_163' title='bbox 2356 2301 2694 2384; x_wconf 85' lang='lat' dir='ltr'>obsequiis,</span> 
     </span>
     <span class='ocr_line' id='line_1_21' title="bbox 298 2389 2697 2489; baseline 0 -19"><span class='ocrx_word' id='word_1_164' title='bbox 298 2425 474 2487; x_wconf 88' lang='lat' dir='ltr'>quae</span> <span class='ocrx_word' id='word_1_165' title='bbox 516 2406 717 2472; x_wconf 89' lang='lat' dir='ltr'>Nobis</span> <span class='ocrx_word' id='word_1_166' title='bbox 778 2389 843 2471; x_wconf 86' lang='lat' dir='ltr'>et</span> <span class='ocrx_word' id='word_1_167' title='bbox 901 2425 1167 2472; x_wconf 91' lang='lat' dir='ltr'>coronae</span> <span class='ocrx_word' id='word_1_168' title='bbox 1225 2407 1569 2473; x_wconf 89' lang='lat' dir='ltr'>Bohemiae</span> <span class='ocrx_word' id='word_1_169' title='bbox 1627 2408 1925 2473; x_wconf 91' lang='lat' dir='ltr'>Albertus</span> <span class='ocrx_word' id='word_1_170' title='bbox 1987 2410 2053 2471; x_wconf 90' lang='lat' dir='ltr'>et</span> <span class='ocrx_word' id='word_1_171' title='bbox 2110 2407 2367 2472; x_wconf 90' lang='lat' dir='ltr'>Zdenko</span> <span class='ocrx_word' id='word_1_172' title='bbox 2426 2405 2697 2489; x_wconf 88' lang='lat' dir='ltr'>praefati</span> 
     </span>
     <span class='ocr_line' id='line_1_22' title="bbox 300 2509 2694 2596; baseline 0 -23"><span class='ocrx_word' id='word_1_173' title='bbox 300 2509 691 2575; x_wconf 89' lang='lat' dir='ltr'>continuatis</span> <span class='ocrx_word' id='word_1_174' title='bbox 757 2512 1003 2577; x_wconf 88' lang='lat' dir='ltr'>actibus</span> <span class='ocrx_word' id='word_1_175' title='bbox 1065 2512 1507 2595; x_wconf 90' lang='lat' dir='ltr'>impenderunt</span> <span class='ocrx_word' id='word_1_176' title='bbox 1573 2516 1645 2577; x_wconf 86' lang='lat' dir='ltr'>et</span> <span class='ocrx_word' id='word_1_177' title='bbox 1703 2512 2070 2596; x_wconf 90' lang='lat' dir='ltr'>impendere</span> <span class='ocrx_word' id='word_1_178' title='bbox 2137 2516 2434 2593; x_wconf 90' lang='lat' dir='ltr'>poterunt</span> <span class='ocrx_word' id='word_1_179' title='bbox 2497 2512 2694 2577; x_wconf 86' lang='lat' dir='ltr'>abun-</span> 
     </span>
     <span class='ocr_line' id='line_1_23' title="bbox 300 2616 2692 2702; baseline 0 -23"><span class='ocrx_word' id='word_1_180' title='bbox 300 2616 563 2681; x_wconf 89' lang='lat' dir='ltr'>dantius</span> <span class='ocrx_word' id='word_1_181' title='bbox 610 2618 674 2681; x_wconf 91' lang='lat' dir='ltr'>in</span> <span class='ocrx_word' id='word_1_182' title='bbox 714 2617 1015 2699; x_wconf 87' lang='lat' dir='ltr'>futurum,</span> <span class='ocrx_word' id='word_1_183' title='bbox 1063 2619 1509 2702; x_wconf 88' lang='lat' dir='ltr'>supplicationi</span> <span class='ocrx_word' id='word_1_184' title='bbox 1552 2618 1914 2684; x_wconf 87' lang='lat' dir='ltr'>huiusmodi</span> <span class='ocrx_word' id='word_1_185' title='bbox 1959 2616 2301 2699; x_wconf 88' lang='lat' dir='ltr'>gratiosius</span> <span class='ocrx_word' id='word_1_186' title='bbox 2345 2618 2692 2681; x_wconf 90' lang='lat' dir='ltr'>annuentes</span> 
     </span>
     <span class='ocr_line' id='line_1_24' title="bbox 374 2719 2692 2805; baseline -0.001 -20"><span class='ocrx_word' id='word_1_187' title='bbox 374 2770 387 2785; x_wconf 92' lang='lat'><strong>.</strong></span> <span class='ocrx_word' id='word_1_188' title='bbox 440 2772 453 2785; x_wconf 91' lang='lat'>.</span> <span class='ocrx_word' id='word_1_189' title='bbox 505 2772 517 2785; x_wconf 91' lang='lat'><strong>.</strong></span> <span class='ocrx_word' id='word_1_190' title='bbox 570 2772 583 2787; x_wconf 92' lang='lat'><strong>.</strong></span> <span class='ocrx_word' id='word_1_191' title='bbox 644 2727 945 2805; x_wconf 89' lang='lat' dir='ltr'>tanquam</span> <span class='ocrx_word' id='word_1_192' title='bbox 1003 2742 1114 2787; x_wconf 86' lang='lat' dir='ltr'>rex</span> <span class='ocrx_word' id='word_1_193' title='bbox 1172 2722 1515 2789; x_wconf 89' lang='lat' dir='ltr'>Bohemiae</span> <span class='ocrx_word' id='word_1_194' title='bbox 1575 2728 1640 2787; x_wconf 89' lang='lat' dir='ltr'>et</span> <span class='ocrx_word' id='word_1_195' title='bbox 1697 2724 2073 2788; x_wconf 88' lang='lat' dir='ltr'>auctoritate</span> <span class='ocrx_word' id='word_1_196' title='bbox 2130 2722 2307 2803; x_wconf 87' lang='lat' dir='ltr'>regia</span> <span class='ocrx_word' id='word_1_197' title='bbox 2348 2719 2692 2786; x_wconf 90' lang='lat' dir='ltr'>Bohemiae</span> 
     </span>
     <span class='ocr_line' id='line_1_25' title="bbox 301 2824 2691 2909; baseline -0 -20"><span class='ocrx_word' id='word_1_198' title='bbox 301 2825 611 2907; x_wconf 88' lang='lat' dir='ltr'>praefatis</span> <span class='ocrx_word' id='word_1_199' title='bbox 656 2826 916 2892; x_wconf 90' lang='lat' dir='ltr'>Alberto</span> <span class='ocrx_word' id='word_1_200' title='bbox 964 2832 1027 2892; x_wconf 91' lang='lat' dir='ltr'>et</span> <span class='ocrx_word' id='word_1_201' title='bbox 1071 2826 1396 2892; x_wconf 91' lang='lat' dir='ltr'>Zdenkoni</span> <span class='ocrx_word' id='word_1_202' title='bbox 1454 2847 1567 2909; x_wconf 93' lang='lat' dir='ltr'>pro</span> <span class='ocrx_word' id='word_1_203' title='bbox 1630 2846 1700 2892; x_wconf 89' lang='lat' dir='ltr'>se</span> <span class='ocrx_word' id='word_1_204' title='bbox 1758 2846 1830 2893; x_wconf 91' lang='lat' dir='ltr'>ac</span> <span class='ocrx_word' id='word_1_205' title='bbox 1888 2826 2228 2892; x_wconf 90' lang='lat' dir='ltr'>heredibus</span> <span class='ocrx_word' id='word_1_206' title='bbox 2273 2844 2492 2889; x_wconf 90' lang='lat' dir='ltr'>eorum</span> <span class='ocrx_word' id='word_1_207' title='bbox 2535 2824 2691 2905; x_wconf 88' lang='lat' dir='ltr'>legi-</span> 
     </span>
     <span class='ocr_line' id='line_1_26' title="bbox 300 2928 2692 3014; baseline -0.001 -20"><span class='ocrx_word' id='word_1_208' title='bbox 300 2931 481 2995; x_wconf 87' lang='lat' dir='ltr'>timis</span> <span class='ocrx_word' id='word_1_209' title='bbox 526 2932 591 2997; x_wconf 95' lang='lat' dir='ltr'>in</span> <span class='ocrx_word' id='word_1_210' title='bbox 635 2936 1012 3014; x_wconf 89' lang='lat' dir='ltr'>perpetuum</span> <span class='ocrx_word' id='word_1_211' title='bbox 1055 2932 1462 2997; x_wconf 87' lang='lat' dir='ltr'>medietatem</span> <span class='ocrx_word' id='word_1_212' title='bbox 1522 2932 1713 2997; x_wconf 90' lang='lat' dir='ltr'>castri</span> <span class='ocrx_word' id='word_1_213' title='bbox 1759 2930 2099 3013; x_wconf 84' lang='lat' dir='ltr'>Sternberg</span> <span class='ocrx_word' id='word_1_214' title='bbox 2157 2934 2223 2995; x_wconf 90' lang='lat' dir='ltr'>et</span> <span class='ocrx_word' id='word_1_215' title='bbox 2279 2933 2582 3012; x_wconf 90' lang='lat' dir='ltr'>quantum</span> <span class='ocrx_word' id='word_1_216' title='bbox 2625 2928 2692 2992; x_wconf 94' lang='lat' dir='ltr'>in</span> 
     </span>
     <span class='ocr_line' id='line_1_27' title="bbox 310 3034 2694 3118; baseline -0 -20"><span class='ocrx_word' id='word_1_217' title='bbox 310 3035 547 3118; x_wconf 91' lang='lat' dir='ltr'>oppido</span> <span class='ocrx_word' id='word_1_218' title='bbox 616 3037 731 3105; x_wconf 91' lang='lat' dir='ltr'>sub</span> <span class='ocrx_word' id='word_1_219' title='bbox 800 3036 1023 3102; x_wconf 90' lang='lat' dir='ltr'>eodem</span> <span class='ocrx_word' id='word_1_220' title='bbox 1089 3041 1295 3101; x_wconf 92' lang='lat' dir='ltr'>castro</span> <span class='ocrx_word' id='word_1_221' title='bbox 1360 3036 1569 3101; x_wconf 90' lang='lat' dir='ltr'>dictus</span> <span class='ocrx_word' id='word_1_222' title='bbox 1634 3035 1934 3101; x_wconf 90' lang='lat' dir='ltr'>Albertus</span> <span class='ocrx_word' id='word_1_223' title='bbox 2000 3034 2372 3115; x_wconf 89' lang='lat' dir='ltr'>obtinuerit,</span> <span class='ocrx_word' id='word_1_224' title='bbox 2452 3051 2694 3099; x_wconf 90' lang='lat' dir='ltr'>necnon</span> 
     </span>
     <span class='ocr_line' id='line_1_28' title="bbox 303 3139 2695 3224; baseline 0.001 -22"><span class='ocrx_word' id='word_1_225' title='bbox 303 3139 698 3207; x_wconf 85' lang='lat' dir='ltr'>hereditates</span> <span class='ocrx_word' id='word_1_226' title='bbox 744 3144 809 3207; x_wconf 89' lang='lat' dir='ltr'>et</span> <span class='ocrx_word' id='word_1_227' title='bbox 851 3143 1285 3224; x_wconf 87' lang='lat' dir='ltr'>possessiones</span> <span class='ocrx_word' id='word_1_228' title='bbox 1316 3145 1383 3206; x_wconf 89' lang='lat' dir='ltr'>et</span> <span class='ocrx_word' id='word_1_229' title='bbox 1406 3142 1571 3206; x_wconf 91' lang='lat' dir='ltr'>bona</span> <span class='ocrx_word' id='word_1_230' title='bbox 1599 3142 1922 3206; x_wconf 89' lang='lat' dir='ltr'>nominata</span> <span class='ocrx_word' id='word_1_231' title='bbox 1964 3142 2256 3223; x_wconf 89' lang='lat' dir='ltr'>superius</span> <span class='ocrx_word' id='word_1_232' title='bbox 2302 3158 2444 3204; x_wconf 90' lang='lat' dir='ltr'>cum</span> <span class='ocrx_word' id='word_1_233' title='bbox 2475 3157 2695 3204; x_wconf 91' lang='lat' dir='ltr'>eorum</span> 
     </span>
     <span class='ocr_line' id='line_1_29' title="bbox 303 3242 2688 3328; baseline -0 -20"><span class='ocrx_word' id='word_1_234' title='bbox 303 3246 707 3326; x_wconf 87' lang='lat' dir='ltr'>pertinentiis</span> <span class='ocrx_word' id='word_1_235' title='bbox 751 3247 1067 3311; x_wconf 89' lang='lat' dir='ltr'>universis</span> <span class='ocrx_word' id='word_1_236' title='bbox 1112 3251 1177 3311; x_wconf 90' lang='lat' dir='ltr'>et</span> <span class='ocrx_word' id='word_1_237' title='bbox 1220 3247 1503 3328; x_wconf 81' lang='lat' dir='ltr'>singuliS,</span> <span class='ocrx_word' id='word_1_238' title='bbox 1550 3247 1616 3312; x_wconf 94' lang='lat' dir='ltr'>in</span> <span class='ocrx_word' id='word_1_239' title='bbox 1661 3265 1880 3312; x_wconf 90' lang='lat' dir='ltr'>verum</span> <span class='ocrx_word' id='word_1_240' title='bbox 1925 3249 1991 3310; x_wconf 90' lang='lat' dir='ltr'>et</span> <span class='ocrx_word' id='word_1_241' title='bbox 2031 3245 2382 3327; x_wconf 86' lang='lat' dir='ltr'>legitimum</span> <span class='ocrx_word' id='word_1_242' title='bbox 2411 3242 2688 3323; x_wconf 89' lang='lat' dir='ltr'>feudum,</span> 
     </span>
     <span class='ocr_line' id='line_1_30' title="bbox 306 3348 2764 3432; baseline -0.002 -19"><span class='ocrx_word' id='word_1_243' title='bbox 306 3349 402 3414; x_wconf 90' lang='lat' dir='ltr'>sic</span> <span class='ocrx_word' id='word_1_244' title='bbox 432 3350 729 3415; x_wconf 91' lang='lat' dir='ltr'>videlicet</span> <span class='ocrx_word' id='word_1_245' title='bbox 772 3352 939 3432; x_wconf 93' lang='lat' dir='ltr'>quod</span> <span class='ocrx_word' id='word_1_246' title='bbox 972 3352 1194 3416; x_wconf 90' lang='lat' dir='ltr'>eadem</span> <span class='ocrx_word' id='word_1_247' title='bbox 1230 3352 1394 3417; x_wconf 88' lang='lat' dir='ltr'>bona</span> <span class='ocrx_word' id='word_1_248' title='bbox 1424 3372 1463 3415; x_wconf 88' lang='lat' dir='ltr'>a</span> <span class='ocrx_word' id='word_1_249' title='bbox 1490 3350 1710 3431; x_wconf 91' lang='lat' dir='ltr'>Nobis,</span> <span class='ocrx_word' id='word_1_250' title='bbox 1755 3350 2095 3416; x_wconf 89' lang='lat' dir='ltr'>heredibus</span> <span class='ocrx_word' id='word_1_251' title='bbox 2128 3354 2192 3414; x_wconf 91' lang='lat' dir='ltr'>et</span> <span class='ocrx_word' id='word_1_252' title='bbox 2220 3348 2691 3414; x_wconf 89' lang='lat' dir='ltr'>successoribus</span> <span class='ocrx_word' id='word_1_253' title='bbox 2761 3404 2764 3407; x_wconf 78' lang='grc'>,</span> 
     </span>
     <span class='ocr_line' id='line_1_31' title="bbox 304 3452 2692 3539; baseline -0.001 -22"><span class='ocrx_word' id='word_1_254' title='bbox 304 3454 561 3534; x_wconf 76' lang='lat' dir='ltr'>nostriS,</span> <span class='ocrx_word' id='word_1_255' title='bbox 605 3456 862 3537; x_wconf 91' lang='lat' dir='ltr'>regibus</span> <span class='ocrx_word' id='word_1_256' title='bbox 906 3455 1266 3537; x_wconf 90' lang='lat' dir='ltr'>Bohemiae,</span> <span class='ocrx_word' id='word_1_257' title='bbox 1311 3474 1504 3539; x_wconf 91' lang='lat' dir='ltr'>regno</span> <span class='ocrx_word' id='word_1_258' title='bbox 1550 3461 1616 3520; x_wconf 90' lang='lat' dir='ltr'>et</span> <span class='ocrx_word' id='word_1_259' title='bbox 1659 3473 1926 3520; x_wconf 90' lang='lat' dir='ltr'>coronae</span> <span class='ocrx_word' id='word_1_260' title='bbox 1969 3454 2313 3520; x_wconf 90' lang='lat' dir='ltr'>Bohemiae</span> <span class='ocrx_word' id='word_1_261' title='bbox 2367 3452 2692 3537; x_wconf 88' lang='lat' dir='ltr'>perpetuis</span> 
     </span>
     <span class='ocr_line' id='line_1_32' title="bbox 304 3555 2690 3644; baseline -0.001 -21"><span class='ocrx_word' id='word_1_262' title='bbox 304 3560 698 3642; x_wconf 91' lang='lat' dir='ltr'>temporibus</span> <span class='ocrx_word' id='word_1_263' title='bbox 728 3560 1019 3625; x_wconf 89' lang='lat' dir='ltr'>affuturis</span> <span class='ocrx_word' id='word_1_264' title='bbox 1052 3559 1322 3625; x_wconf 88' lang='lat' dir='ltr'>debeant</span> <span class='ocrx_word' id='word_1_265' title='bbox 1354 3559 1709 3625; x_wconf 90' lang='lat' dir='ltr'>omnimodo</span> <span class='ocrx_word' id='word_1_266' title='bbox 1741 3560 2116 3644; x_wconf 87' lang='lat' dir='ltr'>dependere,</span> <span class='ocrx_word' id='word_1_267' title='bbox 2155 3577 2396 3625; x_wconf 91' lang='lat' dir='ltr'>necnon</span> <span class='ocrx_word' id='word_1_268' title='bbox 2425 3578 2464 3623; x_wconf 91' lang='lat' dir='ltr'>a</span> <span class='ocrx_word' id='word_1_269' title='bbox 2490 3555 2690 3625; x_wconf 91' lang='lat' dir='ltr'>Nobis</span> 
     </span>
     <span class='ocr_line' id='line_1_33' title="bbox 308 3662 2690 3746; baseline -0.002 -17"><span class='ocrx_word' id='word_1_270' title='bbox 308 3669 375 3729; x_wconf 91' lang='lat' dir='ltr'>et</span> <span class='ocrx_word' id='word_1_271' title='bbox 418 3664 606 3729; x_wconf 91' lang='lat' dir='ltr'>dictis</span> <span class='ocrx_word' id='word_1_272' title='bbox 650 3664 988 3731; x_wconf 88' lang='lat' dir='ltr'>heredibus</span> <span class='ocrx_word' id='word_1_273' title='bbox 1049 3670 1115 3731; x_wconf 92' lang='lat' dir='ltr'>et</span> <span class='ocrx_word' id='word_1_274' title='bbox 1170 3666 1660 3746; x_wconf 82' lang='lat' dir='ltr'>successoribuS,</span> <span class='ocrx_word' id='word_1_275' title='bbox 1720 3667 1978 3746; x_wconf 89' lang='lat' dir='ltr'>regibus</span> <span class='ocrx_word' id='word_1_276' title='bbox 2020 3664 2382 3744; x_wconf 90' lang='lat' dir='ltr'>Bohemiae,</span> <span class='ocrx_word' id='word_1_277' title='bbox 2442 3662 2690 3746; x_wconf 90' lang='lat' dir='ltr'>quoties</span> 
     </span>
     <span class='ocr_line' id='line_1_34' title="bbox 306 3766 2707 3854; baseline -0.002 -21"><span class='ocrx_word' id='word_1_278' title='bbox 306 3769 503 3834; x_wconf 87' lang='lat' dir='ltr'>fuerit</span> <span class='ocrx_word' id='word_1_279' title='bbox 559 3774 983 3853; x_wconf 90' lang='lat' dir='ltr'>opportunum</span> <span class='ocrx_word' id='word_1_280' title='bbox 1042 3771 1108 3834; x_wconf 93' lang='lat' dir='ltr'>in</span> <span class='ocrx_word' id='word_1_281' title='bbox 1164 3770 1441 3851; x_wconf 87' lang='lat' dir='ltr'>feudum,</span> <span class='ocrx_word' id='word_1_282' title='bbox 1510 3775 1699 3854; x_wconf 92' lang='lat' dir='ltr'>prout</span> <span class='ocrx_word' id='word_1_283' title='bbox 1763 3771 1889 3835; x_wconf 89' lang='lat' dir='ltr'>alia</span> <span class='ocrx_word' id='word_1_284' title='bbox 1952 3770 2118 3835; x_wconf 85' lang='lat' dir='ltr'>bona</span> <span class='ocrx_word' id='word_1_285' title='bbox 2171 3768 2450 3834; x_wconf 85' lang='lat' dir='ltr'>feudalia</span> <span class='ocrx_word' id='word_1_286' title='bbox 2514 3766 2707 3847; x_wconf 84' lang='lat' dir='ltr'>regni</span> 
     </span>
     <span class='ocr_line' id='line_1_35' title="bbox 311 3870 2695 3956; baseline -0.002 -17"><span class='ocrx_word' id='word_1_287' title='bbox 311 3874 659 3941; x_wconf 88' lang='lat' dir='ltr'>Bohemiae</span> <span class='ocrx_word' id='word_1_288' title='bbox 704 3880 1180 3956; x_wconf 89' lang='lat' dir='ltr'>consueverunt,</span> <span class='ocrx_word' id='word_1_289' title='bbox 1242 3894 1384 3941; x_wconf 92' lang='lat' dir='ltr'>cum</span> <span class='ocrx_word' id='word_1_290' title='bbox 1426 3875 1784 3940; x_wconf 87' lang='lat' dir='ltr'>humilitate</span> <span class='ocrx_word' id='word_1_291' title='bbox 1829 3875 2066 3956; x_wconf 90' lang='lat' dir='ltr'>suscipi</span> <span class='ocrx_word' id='word_1_292' title='bbox 2117 3879 2181 3939; x_wconf 88' lang='lat' dir='ltr'>et</span> <span class='ocrx_word' id='word_1_293' title='bbox 2225 3873 2304 3939; x_wconf 89' lang='lat' dir='ltr'>de</span> <span class='ocrx_word' id='word_1_294' title='bbox 2348 3873 2448 3938; x_wconf 89' lang='lat' dir='ltr'>his</span> <span class='ocrx_word' id='word_1_295' title='bbox 2493 3870 2695 3936; x_wconf 90' lang='lat' dir='ltr'>fideli-</span> 
     </span>
     <span class='ocr_line' id='line_1_36' title="bbox 310 3975 2695 4063; baseline -0.003 -17"><span class='ocrx_word' id='word_1_296' title='bbox 310 3981 463 4046; x_wconf 89' lang='lat' dir='ltr'>tatis</span> <span class='ocrx_word' id='word_1_297' title='bbox 508 3984 573 4045; x_wconf 88' lang='lat' dir='ltr'>et</span> <span class='ocrx_word' id='word_1_298' title='bbox 602 3980 997 4046; x_wconf 89' lang='lat' dir='ltr'>obedientiae</span> <span class='ocrx_word' id='word_1_299' title='bbox 1040 3978 1180 4045; x_wconf 90' lang='lat' dir='ltr'>fieri</span> <span class='ocrx_word' id='word_1_300' title='bbox 1224 3980 1411 4044; x_wconf 91' lang='lat' dir='ltr'>solita</span> <span class='ocrx_word' id='word_1_301' title='bbox 1447 3980 1822 4063; x_wconf 88' lang='lat' dir='ltr'>juramenta,</span> <span class='ocrx_word' id='word_1_302' title='bbox 1868 3979 2160 4063; x_wconf 90' lang='lat' dir='ltr'>quodque</span> <span class='ocrx_word' id='word_1_303' title='bbox 2189 3977 2496 4042; x_wconf 85' lang='lat' dir='ltr'>medietas</span> <span class='ocrx_word' id='word_1_304' title='bbox 2541 3975 2695 4040; x_wconf 87' lang='lat' dir='ltr'>dicti</span> 
     </span>
     <span class='ocr_line' id='line_1_37' title="bbox 310 4080 2691 4167; baseline -0.003 -17"><span class='ocrx_word' id='word_1_305' title='bbox 310 4088 503 4151; x_wconf 90' lang='lat' dir='ltr'>castri</span> <span class='ocrx_word' id='word_1_306' title='bbox 562 4083 903 4167; x_wconf 86' lang='lat' dir='ltr'>Sternberg</span> <span class='ocrx_word' id='word_1_307' title='bbox 958 4084 1159 4151; x_wconf 90' lang='lat' dir='ltr'>Nobis</span> <span class='ocrx_word' id='word_1_308' title='bbox 1225 4090 1289 4151; x_wconf 89' lang='lat' dir='ltr'>et</span> <span class='ocrx_word' id='word_1_309' title='bbox 1353 4084 1693 4150; x_wconf 87' lang='lat' dir='ltr'>heredibus</span> <span class='ocrx_word' id='word_1_310' title='bbox 1757 4088 1827 4149; x_wconf 82' lang='lat' dir='ltr'>et</span> <span class='ocrx_word' id='word_1_311' title='bbox 1891 4084 2362 4149; x_wconf 89' lang='lat' dir='ltr'>successoribus</span> <span class='ocrx_word' id='word_1_312' title='bbox 2423 4080 2691 4159; x_wconf 78' lang='lat' dir='ltr'>NostriS,</span> 
     </span>
     <span class='ocr_line' id='line_1_38' title="bbox 308 4186 2693 4273; baseline -0.002 -19"><span class='ocrx_word' id='word_1_313' title='bbox 308 4192 566 4273; x_wconf 86' lang='lat' dir='ltr'>regibus</span> <span class='ocrx_word' id='word_1_314' title='bbox 611 4190 974 4270; x_wconf 87' lang='lat' dir='ltr'>Bohemiae,</span> <span class='ocrx_word' id='word_1_315' title='bbox 1035 4208 1177 4255; x_wconf 90' lang='lat' dir='ltr'>esse</span> <span class='ocrx_word' id='word_1_316' title='bbox 1223 4190 1452 4256; x_wconf 90' lang='lat' dir='ltr'>debeat</span> <span class='ocrx_word' id='word_1_317' title='bbox 1494 4194 1715 4271; x_wconf 90' lang='lat' dir='ltr'>aperta</span> <span class='ocrx_word' id='word_1_318' title='bbox 1758 4192 2084 4271; x_wconf 83' lang='lat' dir='ltr'>perpetue,</span> <span class='ocrx_word' id='word_1_319' title='bbox 2144 4188 2295 4252; x_wconf 92' lang='lat' dir='ltr'>dum</span> <span class='ocrx_word' id='word_1_320' title='bbox 2339 4191 2404 4252; x_wconf 90' lang='lat' dir='ltr'>et</span> <span class='ocrx_word' id='word_1_321' title='bbox 2446 4186 2693 4269; x_wconf 90' lang='lat' dir='ltr'>quoties</span> 
     </span>
     <span class='ocr_line' id='line_1_39' title="bbox 310 4291 2694 4380; baseline -0.003 -21"><span class='ocrx_word' id='word_1_322' title='bbox 310 4300 733 4380; x_wconf 90' lang='lat' dir='ltr'>opportunum</span> <span class='ocrx_word' id='word_1_323' title='bbox 760 4296 969 4376; x_wconf 87' lang='lat' dir='ltr'>fuerit,</span> <span class='ocrx_word' id='word_1_324' title='bbox 1020 4296 1396 4360; x_wconf 91' lang='lat' dir='ltr'>contulimus</span> <span class='ocrx_word' id='word_1_325' title='bbox 1441 4298 1506 4359; x_wconf 89' lang='lat' dir='ltr'>et</span> <span class='ocrx_word' id='word_1_326' title='bbox 1536 4294 1980 4373; x_wconf 88' lang='lat' dir='ltr'>concessimus,</span> <span class='ocrx_word' id='word_1_327' title='bbox 2028 4291 2405 4357; x_wconf 80' lang='lat' dir='ltr'>conferimus</span> <span class='ocrx_word' id='word_1_328' title='bbox 2451 4294 2518 4355; x_wconf 91' lang='lat' dir='ltr'>et</span> <span class='ocrx_word' id='word_1_329' title='bbox 2549 4306 2694 4354; x_wconf 88' lang='lat' dir='ltr'>con—</span> 
     </span>
     <span class='ocr_line' id='line_1_40' title="bbox 312 4394 2689 4485; baseline -0.003 -18"><span class='ocrx_word' id='word_1_330' title='bbox 312 4400 595 4467; x_wconf 88' lang='lat' dir='ltr'>cedimus</span> <span class='ocrx_word' id='word_1_331' title='bbox 646 4421 763 4485; x_wconf 88' lang='lat' dir='ltr'>per</span> <span class='ocrx_word' id='word_1_332' title='bbox 804 4405 1187 4484; x_wconf 85' lang='lat' dir='ltr'>praesentes,</span> <span class='ocrx_word' id='word_1_333' title='bbox 1246 4401 1656 4485; x_wconf 89' lang='lat' dir='ltr'>investientes</span> <span class='ocrx_word' id='word_1_334' title='bbox 1700 4404 1998 4480; x_wconf 90' lang='lat' dir='ltr'>tanquam</span> <span class='ocrx_word' id='word_1_335' title='bbox 2041 4417 2152 4463; x_wconf 87' lang='lat' dir='ltr'>rex</span> <span class='ocrx_word' id='word_1_336' title='bbox 2195 4395 2537 4461; x_wconf 88' lang='lat' dir='ltr'>Bohemiae</span> <span class='ocrx_word' id='word_1_337' title='bbox 2581 4394 2689 4460; x_wconf 91' lang='lat' dir='ltr'>Al-</span> 
     </span>
    </p>
   </div>
  </div>
 </body>
</html>
