3225 5017
573 301 670 348 184
1182 295 1313 367 Cap.
1348 296 1469 351 VH.
1507 297 1765 352 Civitates
1803 304 1859 352 et
1890 299 1986 366 jns
2026 298 2369 369 municipale.

567 491 631 554 et
702 486 1061 554 Wenceslai
1135 489 1274 573 (Π.)
1352 491 1556 555 soceri
1628 493 1847 572 nostri,
1923 492 2484 574 praedecessorum
2560 489 2954 568 Nostrorum,

567 594 787 676 regum
831 593 1148 675 Boemiae‚
1192 595 1530 677 privilegia
1576 596 1671 662 eis
1717 615 1909 679 super
1938 598 2427 681 quibuscunque
2453 596 2721 680 juribus,
2766 596 2959 662 liber-

564 698 821 780 tatibuS,
868 698 1370 765 immunitatibus
1415 703 1482 764 et
1515 701 2076 767 consuetudinibus
2105 702 2254 768 data
2285 706 2350 768 et
2382 719 2701 782 concessa,
2749 703 2959 785 cujus-

565 823 813 887 cunque
857 804 1095 869 tenoris
1140 804 1284 886 sint,
1332 808 1398 870 et
1442 806 1635 870 etiam
1682 806 1946 888 singula,
1996 808 2161 873 sicut
2204 809 2326 874 rite
2388 811 2454 873 et
2494 806 2958 872 rationabiliter

563 928 679 999 per
721 927 829 975 eos
872 909 1118 975 indulta
1161 913 1326 990 sunt,
1372 908 1780 992 ratificamus,
1828 913 2269 995 approbamu8‚
2316 916 2382 978 et
2424 916 2723 993 tanquam
2769 915 2955 986 tenor

565 1032 783 1079 eorum
829 1015 1269 1097 praesentibus
1313 1015 1656 1098 inscriptus
1704 1017 1804 1096 sit,
1867 1017 2238 1084 innovamus
2285 1021 2351 1083 et
2396 1036 2475 1082 ex
2520 1020 2693 1081 certa
2737 1019 2961 1080 nostra

566 1120 832 1185 scientia
877 1117 1332 1185 confirmamus,
1410 1120 1469 1184 2.
1520 1119 1821 1187 Volentes
1865 1126 1939 1186 ut
1980 1123 2106 1205 ipsi
2154 1123 2328 1188 cives
2366 1121 2637 1205 juribus,
2701 1120 2962 1186 liberta-

563 1225 736 1290 tibus
781 1243 856 1290 ac
901 1224 1461 1291 consuetudinibus
1531 1224 2204 1309 Magdeburgensibus,
2268 1227 2499 1309 quibus
2560 1226 2640 1292 ab
2700 1225 2964 1306 antiquo

562 1327 710 1394 fteti
755 1332 920 1409 sunt,
964 1327 1088 1393 frui
1134 1329 1200 1394 in
1243 1333 1431 1395 antea
1472 1333 1780 1413 perpetuo
1827 1329 2100 1397 debeant
2146 1336 2212 1397 et
2255 1330 2555 1413 gaudere.
2640 1331 2701 1396 3.
2749 1328 2835 1394 Et
2880 1327 2963 1393 ad

567 1451 675 1498 eos
721 1452 836 1517 per
879 1451 1095 1499 omnes
1141 1439 1206 1499 et
1251 1435 1531 1517 singulas
1601 1436 1891 1501 civitates
1953 1437 2131 1519 regni
2175 1436 2374 1502 nostri
2435 1435 2735 1501 Boemiae
2796 1452 2965 1516 quae

567 1538 808 1604 eisdem
853 1543 1116 1604 utuntur
1150 1539 1420 1622 juribuS,
1469 1558 1662 1622 super
1705 1541 1914 1607 dubiis
1960 1542 2291 1607 sententiis
2322 1539 2697 1605 definiendis
2728 1538 2965 1604 debeat

567 1641 788 1710 haberi
832 1662 1148 1725 recursus,
1197 1644 1363 1709 sicut
1404 1643 1713 1710 hactenus
1757 1643 1895 1711 fieri
1940 1651 2039 1712 est
2084 1651 2467 1712 consuetum.

776 1748 853 1815 (E
896 1748 1275 1815 confirmatione
1329 1748 1505 1801 Caroli
1558 1750 1596 1800 I
1599 1751 1651 1803 V.
1689 1751 1753 1802 ab
1790 1769 1839 1803 a.
1893 1753 2045 1815 1348,
2101 1752 2248 1819 cujus
2306 1751 2565 1821 ‹m'qinale
2611 1756 2856 1804 servatur
2908 1745 2966 1800 ἰη

567 1836 778 1890 archivo
813 1836 1038 1890 civitati-s
1073 1836 1380 1890 Lutomevio.
1417 1866 1485 1875 —
1520 1838 1706 1906 Pclzel,
1744 1836 1867 1891 carl
1899 1837 1996 1892 IV.
2042 1837 2166 1892 Urk.
2202 1839 2321 1909 LI.)

777 1994 1099 2061 Balwinus
1144 1995 1302 2062 civis
1344 1995 1705 2078 hagensis,
1750 1996 2084 2087 bonorum¹
2115 1999 2375 2080 reginae
2425 1997 2493 2062 in
2550 1995 2785 2062 Sczech
2842 1993 2967 2060 vil-

568 2101 749 2182 licuS,
795 2101 960 2167 bona
1001 2101 1068 2165 in
1114 2100 1479 2181 ButtowicZ‚
1542 2101 1867 2184 Nynonicz
1931 2105 1997 2167 et
2059 2101 2357 2167 Kossierz
2420 2101 2620 2185 (apud
2659 2100 2966 2181 Pragam)

569 2206 736 2271 locat
768 2206 915 2288 jure
960 2205 1411 2288 emphiteutico
1455 2224 1570 2271 seu
1613 2205 2001 2288 theutonico,
2051 2207 2220 2289 quod
2264 2207 2333 2271 in
2367 2207 2534 2288 vulg.
2577 2203 2970 2288 purgkrecht

569 2313 970 2392 nuncupatur
1013 2360 1028 2375 .
1079 2361 1091 2376 .
1163 2309 1271 2392 „In
1317 2311 1528 2376 causis
1566 2311 1926 2393 judiciariis
1970 2310 2259 2377 homines
2310 2309 2628 2376 dictarum
2668 2308 2967 2374 villarum

571 2417 830 2479 utentur
891 2413 934 2478 J
937 2433 1049 2479 ure
1102 2414 1676 2498 Meydenburgensi
1740 2420 1804 2480 et
1862 2416 1927 2479 in
1989 2415 2230 2482 eisdem
2298 2434 2340 2481 a
2390 2413 2629 2479 Minori
2688 2411 2969 2477 civitate

571 2518 875 2601 Pragensi
914 2519 1062 2602 jura
1106 2519 1342 2586 habent
1386 2524 1451 2584 et
1491 2520 1875 2604 requirent.“

781 2622 933 2690 (Ταῦ.
971 2623 1148 2677 curiae
1182 2641 1287 2693 req.
1326 2653 1393 2662 —
1428 2624 1608 2677 Ernler
1644 2623 1747 2676 III.
1787 2624 1889 2692 73.)

781 2777 1268 2847 Sententiae
1312 2781 2052 2847 Lutomericenses
2098 2800 2303 2849 saec.
2350 2779 2634 2848 Xl'Vmi:

781 2883 1144 2952 Advocatus
1191 2890 1257 2951 et
1291 2887 1488 2970 jurati
1535 2888 1705 2952 cives
1765 2887 1830 2951 in
1873 2886 2311 2952 Luthmericz:
2359 2887 2401 2952 J
2402 2887 2574 2953 udici
2630 2889 2698 2951 et
2730 2884 2968 2968 juratis

578 2988 820 3056 civibus
880 2991 946 3055 in
1006 2990 1240 3057 Grecz:
1330 2991 1469 3056 Wir
1524 2993 1719 3058 teilen
1780 3010 1894 3056 czu
1959 3011 2178 3077 eynem
2241 2993 2501 3058 rechten
2544 2991 2641 3057 alz
2699 3009 2822 3055 unz
2880 2990 2968 3072 dy

575 3110 698 3160 von
742 3094 1096 3160 Lutmericz
1141 3095 1346 3177 gelart
1386 3096 1608 3162 haben.
1655 3134 1744 3144 —
1786 3096 1826 3162 J
1830 3098 1997 3164 urati
2041 3101 2107 3163 et
2136 3098 2382 3165 scabini
2411 3098 2478 3163 in
2506 3095 2965 3167 Altamuta:

576 3198 675 3264 De
726 3199 1141 3266 LautmericZ.

787 3299 1029 3370 (Θαιιρρ,
1088 3304 1346 3357 Βεαιεοῆε
1407 3303 1733 3358 Stadtrechte
1797 3306 1888 3357 des
1943 3305 2276 3358 Mittelaltere
2328 3304 2373 3357 L
2434 3308 2566 3359 1851
2582 3326 2600 3358 .-
2651 3303 2799 3359 XVI.
2861 3303 2969 3355 Eia

578 3389 797 3459 Beitraq
831 3409 926 3443 zur
937 3388 1260 3470 'Gecchichte
1296 3391 1385 3443 dee
1420 3391 1703 3443 sachsisch-
1739 3390 2229 3460 maydeburqiechen
2264 3391 2451 3445 Rechts
2475 3392 2543 3445 'in
2577 3391 2970 3446 verschiedmen

579 3477 898 3531 bb‘hmischen
936 3477 1190 3545 stadem).

786 3635 858 3701 B.
949 3633 1097 3701 Jus
1177 3634 1890 3717 Magdeburgense
1959 3636 2363 3704 civitatis
2446 3626 2892 3729 (Reginae)
2916 3666 2964 3691 =

582 3741 1103 3807 Greczensis.

788 3845 828 3911 J
831 3846 1017 3927 udeX,
1055 3846 1255 3929 jurati
1299 3847 1364 3910 in
1411 3845 1460 3911 C
1477 3846 1680 3930 rudy
1698 3867 1773 3912 n:
1843 3846 2149 3928 Magistro
2214 3847 2449 3913 civium
2511 3851 2577 3913 et
2623 3848 2857 3930 juratis
2901 3848 2966 3912 in

583 3951 800 4017 Grecz.
847 3988 933 3997 —
974 3949 1015 4016 J
1018 3951 1201 4031 udex,
1239 3952 1438 4034 jurati
1483 3953 1781 4034 civesque
1825 3953 2103 4018 universi
2171 3952 2251 4017 de
2331 3951 2693 4036 Crudyn:
2750 3952 2968 4018 Judici

585 4060 648 4121 et
682 4057 913 4139 juratis
958 4055 1023 4120 in
1068 4055 1286 4122 Grecz.
1354 4095 1440 4103 —
1507 4056 1547 4122 J
1552 4059 1717 4122 urati
1775 4057 1841 4122 in
1899 4058 2112 4123 Luth
2132 4075 2169 4121 o
2190 4058 2430 4123 musl:
2495 4056 2538 4123 J
2541 4058 2741 4122 uratis
2801 4062 2965 4123 cete-

583 4160 798 4244 risque
844 4159 1206 4225 consulibus
1239 4164 1303 4224 et
1333 4162 1577 4227 civibus
1622 4163 1687 4225 in
1733 4162 1950 4228 GrecZ.
1998 4200 2084 4209 —
2126 4162 2167 4227 J
2172 4163 2339 4228 urati
2372 4163 2437 4226 in
2483 4161 2962 4227 Luttomisl:

581 4264 798 4331 Judici
842 4268 907 4329 et
941 4264 1173 4347 juratis
1218 4265 1283 4329 in
1330 4266 1548 4331 Grecz,
1594 4304 1681 4312 —
1725 4266 1934 4331 Jurati
1978 4267 2044 4332 in
2093 4266 2602 4351 Lutmychil:
2657 4266 2963 4351 Magistro

577 4370 811 4437 civium
855 4372 920 4435 et
953 4369 1185 4452 juratis
1228 4371 1293 4435 in
1337 4370 1554 4436 Grecz,
1630 4407 1716 4418 --
1792 4371 2169 4437 Consulibus
2213 4376 2279 4437 et
2315 4371 2559 4455 juratis
2606 4372 2852 4440 civibus
2890 4372 2956 4435 in
