3225 5017
474 261 540 332 cap.
559 262 618 316 vm.
638 233 766 316 crassas
786 267 814 346 aa
827 261 875 328 rus
893 262 1065 334 municipale.
1308 272 1357 322 nea
1386 294 1388 297 -

161 475 267 522 rernm
290 457 504 534 vendibilium,
531 455 688 538 ponderis,
703 458 835 523 ‘numeri
858 459 891 520 et
912 474 1079 522 mensurae
1101 457 1220 524 ibidem
1243 459 1358 524 admit*

160 562 248 628 tendi
282 562 334 626 die
374 560 519 627 Sabbatis
561 561 730 644 cujuslibet
767 561 972 644 septimanae,
1017 562 1230 642 decernentem,
1273 563 1357 645 quod

160 666 379 750 supradictum
401 663 551 750 oppidum
574 665 701 732 forense
729 667 762 731 in
784 666 883 731 Plana
913 666 1057 731 omnibus
1083 667 1223 750 judiciis,
1254 667 1356 750 cippo,

159 771 312 854 patibulo,
332 771 467 855 juribus,
484 770 605 852 gratiis,
628 769 838 851 libertatibus,
862 770 1118 836 immunitatibus
1138 775 1171 836 et
1185 772 1357 837 commodis

158 875 280 958 pertrui
303 879 336 942 et
357 875 496 960 gaudere
519 875 642 956 debeat,
674 875 788 958 quibus
819 876 937 958 oppida
964 881 1091 942 caetera
1121 895 1178 941 seu
1208 877 1358 959 oppidani

157 981 248 1064 regni
263 979 372 1065 Nostri
384 981 534 1048 Boemiae
548 981 701 1046 hactenus
714 981 787 1047 freti
797 984 872 1046 sunt
886 984 917 1046 et
938 981 1174 1063 quomodolibet
1184 982 1355 1063 potiuntur.

263 1104 317 1169 (lle
335 1104 399 1172 erip.
418 1121 484 1155 mou.
505 1102 530 1156 S.
552 1102 674 1156 Coronae.
695 1103 785 1166 Pelzel,
805 1103 876 1154 Koa-l
898 1102 1009 1170 LVIII.)

270 1262 318 1326 10.
352 1260 453 1327 Jura
475 1261 751 1343 municipalia
773 1279 845 1343 per
870 1259 1082 1326 Boemiam.

263 1363 301 1430 A.
355 1365 429 1430 Jus
474 1353 838 1448 Mag-deburgense
883 1366 1080 1431 civitatis
1128 1366 1355 1433 Lutomeri-

159 1486 311 1535 censis,
451 1524 454 1532 .

261 1575 463 1641 Intendentes
487 1575 649 1641 commodo
673 1578 705 1638 et
727 1574 837 1638 honori
861 1573 1000 1639 civitatis
1014 1573 1151 1640 Nostrae
1166 1576 1355 1656 (Lutomeri-

157 1680 286 1762 censis),
309 1680 490 1763 petentibus
512 1679 638 1746 Nostris
655 1678 786 1758 civibus,
805 1679 873 1760 jus
897 1679 1093 1745 civitatis
1114 1678 1354 1762 Magdebur-

154 1784 297 1865 gensis
319 1783 401 1850 infra
423 1784 602 1852 districtum
626 1784 693 1849 sive
716 1802 842 1848 murum
866 1783 1005 1849 civitatis
1024 1783 1162 1850 Nostrae
1177 1785 1217 1851 ab
1233 1786 1354 1853 eisdem

155 1889 381 1970 desideratum,
403 1889 484 1973 ipsis
506 1893 602 1972 atque
625 1906 733 1954 eorum
756 1887 893 1970 posteris
916 1889 1128 1954 concessimus
1151 1889 1351 1972 indulgendo.

154 1991 266 2076 (Voigt
288 1991 384 2076 CIX.)

259 2113 411 2182 (Heiorc'eus
429 2115 515 2168 dietus
540 2115 605 2180 Rem,
631 2116 702 2168 testis
729 2115 806 2182 bajas
828 2114 990 2184 diplomatis,
1010 2115 1166 2182 temporibus
1189 2116 1258 2185 repis
1281 2117 1353 2170 Weo·

154 2203 235 2255 caldi
252 2201 273 2256 l.
292 2201 388 2270 viguit:
403 2205 471 2254 1248
482 2202 606 2256 Jiadstaa
623 2205 699 2268 lerdlf
717 2205 786 2254 1249
804 2202 944 2255 Helorinus
962 2201 1020 2254 Rex
1037 2203 1121 2256 dictos
1133 2205 1165 2256 de
1177 2203 1352 2258 Luthomeritz
1390 2282 1393 2287 ¹

154 2291 232 2342 1253.
247 2292 271 2342 1.
286 2288 413 2342 Jaouara'e'
426 2288 556 2344 Heora'cua
568 2290 625 2344 Rex
637 2291 723 2344 dictas
742 2290 846 2365 elfilius
858 2291 923 2358 ejas.
941 2290 1082 2343 Jehouaes.
1098 2290 1161 2343 ms.
1174 2289 1236 2361 1209.
1250 2291 1282 2358 I.)

262 2411 354 2478 1237.
384 2411 450 2478 Nos
472 2433 528 2481 rex
551 2412 763 2478 Bohemorum
786 2411 994 2478 Wenceslaus
1018 2413 1139 2479 civibus
1168 2412 1351 2496 municipali

148 2517 222 2600 jure
244 2507 457 2586 residentibus
479 2519 512 2585 in
535 2518 660 2583 Rudnic
683 2518 799 2600 oppido
823 2517 1045 2582 auctoritatem
1068 2518 1189 2599 damus,
1220 2522 1257 2583 ut
1283 2521 1351 2584 tam

152 2621 186 2685 iu
218 2620 323 2694 causis
357 2621 572 2688 criminalibus
606 2637 703 2704 quam
733 2621 830 2685 etiam
860 2620 1005 2686 civilibus
1036 2620 1210 2687 secundum
1242 2621 1350 2687 Litho-

151 2725 367 2791 mierzicansis
390 2730 424 2792 et
445 2726 579 2793 abarum
601 2725 789 2794 Nostrarum
813 2726 976 2791 civitatum
994 2726 1247 2808 consuetudines,
1265 2747 1347 2811 quae

148 2829 223 2912 jure
244 2829 450 2897 theutonicali
472 2833 513 2897 in·
528 2849 624 2913 regno
654 2829 770 2895 Nostro
800 2830 989 2911 incoluntur,
1021 2831 1199 2897 sentencias
1227 2830 1350 2896 ferendi

151 2937 186 2999 et
209 2953 262 3000 aas
286 2936 464 3002 executioni
487 2935 657 3000 mandandi
679 2935 806 3018 plenam
828 2935 968 3001 habeant
995 2939 1191 3018 potestatem.

258 3039 296 3104 (Ε
311 3040 388 3106 copia
406 3040 477 3092 areb.
496 3040 608 3092 Rudnic.
628 3040 717 3092 Eanler
735 3040 771 3092 ΙΙ.
790 3040 879 3104 2824.)
898 3044 900 3047 ’

259 3161 350 3227 1261.
398 3161 568 3228 Ottocarus
599 3161 638 3228 H.
674 3162 715 3226 ad
748 3161 934 3228 instantiam
958 3163 1085 3229 abbatis
1116 3166 1149 3228 et
1178 3168 1349 3229 conventus

150 3265 398 3349 Oppatoviensis
421 3267 581 3334 civitatem
612 3266 762 3332 Praeluicz
792 3266 834 3331 ad
865 3266 1016 3331 ditionem
1044 3267 1228 3332 monasterii
1258 3287 1348 3351 spec·

146 3374 271 3438 tantem
293 3371 436 3438 omnibus
456 3373 580 3456 juribus
604 3375 637 3437 et
658 3372 860 3439 libertatibus
885 3371 1051 3437 civitatum
1073 3371 1114 3436 ad
1135 3372 1238 3436 instar
1264 3373 1347 3454 regi·

148 3496 241 3543 arum
270 3477 396 3542 urbium
427 3475 548 3542 Colonii
579 3481 612 3543 et
645 3475 782 3543 Kurimii
813 3475 999 3558 impertivit,
1027 3476 1185 3560 'ejusmodi
1218 3476 1347 3559 inquam

143 3583 221 3665 jura
243 3583 408 3662 concessit,
435 3582 541 3666 qualia
572 3586 753 3664 quantaque
781 3581 879 3648 habet
910 3580 1026 3663 Magde
1037 3580 1205 3663 burgensis
1234 3581 1346 3646 civitas

254 3687 373 3755 (Debitor
392 3686 462 3740 Meo.
481 3685 528 3739 1V.
546 3687 600 3753 83.)

254 3810 347 3877 1325.
378 3809 516 3876 Joannes
539 3831 594 3876 rex
617 3861 624 3876 .
648 3861 655 3876 .
696 3809 765 3892 „Ad
789 3809 1012 3876 universorum
1032 3809 1178 3875 notitiam
1200 3808 1344 3874 volumus

146 3919 259 3980 tenore
281 3917 495 3998 praesentium
517 3915 676 3996 devenire,
700 3914 784 3997 quod
807 3915 875 3979 Nos
897 3915 1084 3981 dilectorum
1105 3913 1206 3979 Nobis
1229 3912 1345 3977 civium

147 4019 337 4086 Nostrorum
368 4020 694 4087 Luthomericensium
726 4020 1002 4086 commoditatibus
1031 4017 1198 4103 providere
1228 4019 1261 4081 et
1290 4032 1347 4080 eos-

147 4125 190 4190 ab
218 4125 487 4207 indemnitatibus,
519 4129 612 4209 prout
633 4125 751 4191 Nostra
772 4125 914 4204 interest,
944 4141 1150 4207 praeservare
1184 4121 1225 4186 de
1255 4120 1344 4185 beni-

148 4229 269 4311 gnitate
292 4230 380 4312 regia
403 4231 577 4313 cupientes,
600 4230 705 4296 omnia
738 4233 770 4295 et
800 4229 924 4311 singula
953 4228 1124 4293 illustrium
1154 4224 1346 4309 principum,

147 4333 242 4399 divae
264 4336 434 4402 memoriae
457 4334 654 4401 dominorum
669 4335 827 4417 quondam
841 4333 1021 4400 Wenceslai
1036 4332 1100 4415 (1.),
1119 4329 1267 4397 Ottakari
1282 4328 1344 4410 (ΙΙ)
