<?xml version="1.0" encoding="UTF-8"?>
<!DOCTYPE html PUBLIC "-//W3C//DTD XHTML 1.0 Transitional//EN"
    "http://www.w3.org/TR/xhtml1/DTD/xhtml1-transitional.dtd">
<html xmlns="http://www.w3.org/1999/xhtml" xml:lang="en" lang="en">
 <head>
  <title>
</title>
<meta http-equiv="Content-Type" content="text/html;charset=utf-8" />
  <meta name='ocr-system' content='tesseract 3.04.00' />
  <meta name='ocr-capabilities' content='ocr_page ocr_carea ocr_par ocr_line ocrx_word'/>
</head>
<body>
  <div class='ocr_page' id='page_1' title='image "./codexjurisbohem02kingoog_0266.png"; bbox 0 0 3225 5017; ppageno 0'>
   <div class='ocr_carea' id='block_1_1' title="bbox 134 292 1057 392">
    <p class='ocr_par' dir='ltr' id='par_1_1' title="bbox 43 280 1057 432">
     <span class='ocr_line' id='line_1_1' title="bbox 134 292 1057 392; baseline 0.004 -19.641"><span class='ocrx_word' id='word_1_1' title='bbox 134 292 143 366; x_wconf 42' lang='lat'>,¹</span> <span class='ocrx_word' id='word_1_2' title='bbox 158 303 166 359; x_wconf 74' lang='lat'>5&#39;</span> <span class='ocrx_word' id='word_1_3' title='bbox 235 384 238 390; x_wconf 26' lang='lat'><strong>¹</strong></span> <span class='ocrx_word' id='word_1_4' title='bbox 271 299 279 349; x_wconf 33' lang='lat'>¹¹</span> <span class='ocrx_word' id='word_1_5' title='bbox 299 323 350 374; x_wconf 76' lang='lat' dir='ltr'>ass</span> <span class='ocrx_word' id='word_1_6' title='bbox 729 319 794 392; x_wconf 82' lang='lat' dir='ltr'>Gap.</span> <span class='ocrx_word' id='word_1_7' title='bbox 813 319 860 374; x_wconf 86' lang='lat' dir='ltr'>IX.</span> <span class='ocrx_word' id='word_1_8' title='bbox 878 319 1057 376; x_wconf 77' lang='lat' dir='ltr'>Universitas.</span> 
     </span>
    </p>
   </div>
   <div class='ocr_carea' id='block_1_2' title="bbox 53 472 1486 701">
    <p class='ocr_par' dir='ltr' id='par_1_2' title="bbox 53 472 1486 702">
     <span class='ocr_line' id='line_1_2' title="bbox 53 472 1486 602; baseline 0.006 -25"><span class='ocrx_word' id='word_1_9' title='bbox 53 472 89 589; x_wconf 40' lang='lat' dir='ltr'>&#39;³ss</span> <span class='ocrx_word' id='word_1_10' title='bbox 298 513 382 602; x_wconf 86' lang='lat' dir='ltr'>quod</span> <span class='ocrx_word' id='word_1_11' title='bbox 403 511 585 596; x_wconf 84' lang='lat' dir='ltr'>privilegia,</span> <span class='ocrx_word' id='word_1_12' title='bbox 601 512 817 580; x_wconf 88' lang='lat' dir='ltr'>immunitates</span> <span class='ocrx_word' id='word_1_13' title='bbox 840 516 872 578; x_wconf 88' lang='lat' dir='ltr'>et</span> <span class='ocrx_word' id='word_1_14' title='bbox 892 507 1056 581; x_wconf 79' lang='lat' dir='ltr'>libertates</span> <span class='ocrx_word' id='word_1_15' title='bbox 1079 535 1199 598; x_wconf 86' lang='lat' dir='ltr'>omnes,</span> <span class='ocrx_word' id='word_1_16' title='bbox 1229 518 1344 601; x_wconf 88' lang='lat' dir='ltr'>quibus</span> <span class='ocrx_word' id='word_1_17' title='bbox 1367 522 1433 584; x_wconf 87' lang='lat' dir='ltr'>tam</span> <span class='ocrx_word' id='word_1_18' title='bbox 1454 520 1486 585; x_wconf 89' lang='lat' dir='ltr'>in</span> 
     </span>
     <span class='ocr_line' id='line_1_3' title="bbox 233 597 1484 701; baseline 0 -12"><span class='ocrx_word' id='word_1_19' title='bbox 233 607 238 612; x_wconf 65' lang='grc'><em>’</em></span> <span class='ocrx_word' id='word_1_20' title='bbox 297 618 468 686; x_wconf 89' lang='lat' dir='ltr'>Parisiensi</span> <span class='ocrx_word' id='word_1_21' title='bbox 490 636 584 701; x_wconf 92' lang='lat' dir='ltr'>quam</span> <span class='ocrx_word' id='word_1_22' title='bbox 605 617 796 684; x_wconf 82' lang='lat' dir='ltr'>Bononiensi</span> <span class='ocrx_word' id='word_1_23' title='bbox 818 618 932 685; x_wconf 90' lang='lat' dir='ltr'>studiis</span> <span class='ocrx_word' id='word_1_24' title='bbox 955 620 1099 686; x_wconf 88' lang='lat' dir='ltr'>ductores</span> <span class='ocrx_word' id='word_1_25' title='bbox 1125 624 1158 687; x_wconf 90' lang='lat' dir='ltr'>et</span> <span class='ocrx_word' id='word_1_26' title='bbox 1179 597 1326 689; x_wconf 81' lang='lat' dir='ltr'>scolares¹</span> <span class='ocrx_word' id='word_1_27' title='bbox 1349 625 1484 690; x_wconf 89' lang='lat' dir='ltr'>auctori-</span> 
     </span>
    </p>
   </div>
   <div class='ocr_carea' id='block_1_3' title="bbox 298 723 1487 812">
    <p class='ocr_par' dir='ltr' id='par_1_3' title="bbox 298 723 1487 812">
     <span class='ocr_line' id='line_1_4' title="bbox 298 723 1487 812; baseline 0.003 -22"><span class='ocrx_word' id='word_1_28' title='bbox 298 727 364 790; x_wconf 90' lang='lat' dir='ltr'>tate</span> <span class='ocrx_word' id='word_1_29' title='bbox 385 723 473 806; x_wconf 90' lang='lat' dir='ltr'>regia</span> <span class='ocrx_word' id='word_1_30' title='bbox 501 724 549 789; x_wconf 90' lang='lat' dir='ltr'>uti</span> <span class='ocrx_word' id='word_1_31' title='bbox 576 728 610 789; x_wconf 91' lang='lat' dir='ltr'>et</span> <span class='ocrx_word' id='word_1_32' title='bbox 638 725 776 806; x_wconf 88' lang='lat' dir='ltr'>gaudere</span> <span class='ocrx_word' id='word_1_33' title='bbox 807 728 881 791; x_wconf 88' lang='lat' dir='ltr'>sunt</span> <span class='ocrx_word' id='word_1_34' title='bbox 910 726 1005 806; x_wconf 88' lang='lat' dir='ltr'>soliti,</span> <span class='ocrx_word' id='word_1_35' title='bbox 1036 727 1180 793; x_wconf 91' lang='lat' dir='ltr'>omnibus</span> <span class='ocrx_word' id='word_1_36' title='bbox 1203 731 1236 793; x_wconf 89' lang='lat' dir='ltr'>et</span> <span class='ocrx_word' id='word_1_37' title='bbox 1258 729 1390 812; x_wconf 90' lang='lat' dir='ltr'>singulis</span> <span class='ocrx_word' id='word_1_38' title='bbox 1412 729 1487 795; x_wconf 90' lang='lat' dir='ltr'>illuc</span> 
     </span>
    </p>
   </div>
   <div class='ocr_carea' id='block_1_4' title="bbox 40 812 1486 914">
    <p class='ocr_par' dir='ltr' id='par_1_4' title="bbox 40 807 1486 937">
     <span class='ocr_line' id='line_1_5' title="bbox 40 812 1486 914; baseline 0.017 -38"><span class='ocrx_word' id='word_1_39' title='bbox 40 819 99 865; x_wconf 58' lang='lat' dir='ltr'>r</span> <span class='ocrx_word' id='word_1_40' title='bbox 118 812 123 883; x_wconf 72' lang='lat'>2</span> <span class='ocrx_word' id='word_1_41' title='bbox 138 834 141 840; x_wconf 84' lang='grc'>’</span> <span class='ocrx_word' id='word_1_42' title='bbox 297 829 449 895; x_wconf 79' lang='lat' dir='ltr'>accedere</span> <span class='ocrx_word' id='word_1_43' title='bbox 463 828 651 910; x_wconf 86' lang='lat' dir='ltr'>volentibus,</span> <span class='ocrx_word' id='word_1_44' title='bbox 665 829 841 897; x_wconf 76' lang='lat' dir='ltr'><strong>liberaliter</strong></span> <span class='ocrx_word' id='word_1_45' title='bbox 862 831 1061 914; x_wconf 78' lang='lat' dir='ltr'>impertImur</span> <span class='ocrx_word' id='word_1_46' title='bbox 1074 836 1108 897; x_wconf 89' lang='lat' dir='ltr'>et</span> <span class='ocrx_word' id='word_1_47' title='bbox 1120 831 1272 900; x_wconf 87' lang='lat' dir='ltr'>faciemus</span> <span class='ocrx_word' id='word_1_48' title='bbox 1288 834 1328 900; x_wconf 94' lang='lat' dir='ltr'>ab</span> <span class='ocrx_word' id='word_1_49' title='bbox 1343 834 1486 902; x_wconf 90' lang='lat' dir='ltr'>omnibus</span> 
     </span>
    </p>
   </div>
   <div class='ocr_carea' id='block_1_5' title="bbox 299 933 1487 1127">
    <p class='ocr_par' dir='ltr' id='par_1_5' title="bbox 299 933 1487 1127">
     <span class='ocr_line' id='line_1_6' title="bbox 299 933 901 1016; baseline 0.005 -18"><span class='ocrx_word' id='word_1_50' title='bbox 299 936 331 998; x_wconf 88' lang='lat' dir='ltr'>et</span> <span class='ocrx_word' id='word_1_51' title='bbox 353 933 486 1016; x_wconf 85' lang='lat' dir='ltr'>singulis</span> <span class='ocrx_word' id='word_1_52' title='bbox 507 934 708 1002; x_wconf 75' lang='lat' dir='ltr'>inviolabiter</span> <span class='ocrx_word' id='word_1_53' title='bbox 730 934 901 1001; x_wconf 85' lang='lat' dir='ltr'>observari.</span> 
     </span>
     <span class='ocr_line' id='line_1_7' title="bbox 400 1038 1487 1127; baseline 0.003 -21"><span class='ocrx_word' id='word_1_54' title='bbox 400 1038 438 1106; x_wconf 89' lang='lat' dir='ltr'>In</span> <span class='ocrx_word' id='word_1_55' title='bbox 453 1059 587 1123; x_wconf 89' lang='lat' dir='ltr'>quorum</span> <span class='ocrx_word' id='word_1_56' title='bbox 602 1041 742 1106; x_wconf 89' lang='lat' dir='ltr'>omnium</span> <span class='ocrx_word' id='word_1_57' title='bbox 755 1039 1018 1106; x_wconf 83' lang='lat' dir='ltr'>testimomum</span> <span class='ocrx_word' id='word_1_58' title='bbox 986 1059 1004 1105; x_wconf 91' lang='lat' dir='ltr'>e</span> <span class='ocrx_word' id='word_1_59' title='bbox 1004 1040 1074 1108; x_wconf 90' lang='lat' dir='ltr'>tad</span> <span class='ocrx_word' id='word_1_60' title='bbox 1085 1041 1306 1108; x_wconf 88' lang='lat' dir='ltr'>certitudinem</span> <span class='ocrx_word' id='word_1_61' title='bbox 1315 1042 1487 1127; x_wconf 81' lang='lat' dir='ltr'>pleniorem</span> 
     </span>
    </p>
   </div>
   <div class='ocr_carea' id='block_1_6' title="bbox 59 1114 1487 1363">
    <p class='ocr_par' dir='ltr' id='par_1_6' title="bbox 40 1114 1487 1363">
     <span class='ocr_line' id='line_1_8' title="bbox 59 1114 1487 1259; baseline 0 -46"><span class='ocrx_word' id='word_1_62' title='bbox 59 1114 90 1237; x_wconf 57' lang='grc' dir='ltr'>Ῐ</span> <span class='ocrx_word' id='word_1_63' title='bbox 108 1225 124 1236; x_wconf 9' lang='lat' dir='ltr'>A,</span> <span class='ocrx_word' id='word_1_64' title='bbox 297 1148 479 1225; x_wconf 79' lang='lat' dir='ltr'>praesentes</span> <span class='ocrx_word' id='word_1_65' title='bbox 499 1144 614 1212; x_wconf 75' lang='lat' dir='ltr'>fieri·</span> <span class='ocrx_word' id='word_1_66' title='bbox 601 1145 756 1228; x_wconf 66' lang='lat' dir='ltr'>jussimus</span> <span class='ocrx_word' id='word_1_67' title='bbox 785 1148 819 1210; x_wconf 91' lang='lat' dir='ltr'>et</span> <span class='ocrx_word' id='word_1_68' title='bbox 839 1145 926 1211; x_wconf 89' lang='lat' dir='ltr'>bulla</span> <span class='ocrx_word' id='word_1_69' title='bbox 954 1164 1052 1212; x_wconf 88' lang='lat' dir='ltr'>aurea</span> <span class='ocrx_word' id='word_1_70' title='bbox 1079 1147 1204 1259; x_wconf 81' lang='lat' dir='ltr'>typario</span> <span class='ocrx_word' id='word_1_71' title='bbox 1229 1147 1367 1214; x_wconf 77' lang='lat' dir='ltr'>Nostrae</span> <span class='ocrx_word' id='word_1_72' title='bbox 1389 1147 1487 1232; x_wconf 85' lang='lat' dir='ltr'>Maje-</span> 
     </span>
     <span class='ocr_line' id='line_1_9' title="bbox 60 1239 1355 1363; baseline -0.008 -42.167"><span class='ocrx_word' id='word_1_73' title='bbox 60 1239 91 1363; x_wconf 49' lang='grc' dir='ltr'>’ξ</span> <span class='ocrx_word' id='word_1_74' title='bbox 163 1300 166 1305; x_wconf 77' lang='lat'>-</span> <span class='ocrx_word' id='word_1_75' title='bbox 235 1300 236 1305; x_wconf 19' lang='grc' dir='ltr'>ι</span> <span class='ocrx_word' id='word_1_76' title='bbox 298 1248 421 1314; x_wconf 89' lang='lat' dir='ltr'>statis</span> <span class='ocrx_word' id='word_1_77' title='bbox 410 1268 566 1332; x_wconf 82' lang='lat' dir='ltr'>impressa</span> <span class='ocrx_word' id='word_1_78' title='bbox 588 1250 807 1333; x_wconf 82' lang='lat' dir='ltr'>praecepimus</span> <span class='ocrx_word' id='word_1_79' title='bbox 831 1251 1023 1316; x_wconf 89' lang='lat' dir='ltr'>communiri.</span> <span class='ocrx_word' id='word_1_80' title='bbox 1352 1275 1355 1278; x_wconf 36' lang='lat'>‘¹</span> 
     </span>
    </p>
   </div>
   <div class='ocr_carea' id='block_1_7' title="bbox 400 1354 1486 1441">
    <p class='ocr_par' dir='ltr' id='par_1_7' title="bbox 400 1354 1486 1441">
     <span class='ocr_line' id='line_1_10' title="bbox 400 1354 1486 1441; baseline 0.005 -22"><span class='ocrx_word' id='word_1_81' title='bbox 400 1354 465 1420; x_wconf 87' lang='lat' dir='ltr'>Dat</span> <span class='ocrx_word' id='word_1_82' title='bbox 451 1360 519 1421; x_wconf 91' lang='lat' dir='ltr'>tum</span> <span class='ocrx_word' id='word_1_83' title='bbox 540 1357 695 1438; x_wconf 89' lang='lat' dir='ltr'>Pragae</span> <span class='ocrx_word' id='word_1_84' title='bbox 676 1354 768 1421; x_wconf 87' lang='lat' dir='ltr'>Anno</span> <span class='ocrx_word' id='word_1_85' title='bbox 785 1355 951 1423; x_wconf 83' lang='lat' dir='ltr'>13481nd</span> <span class='ocrx_word' id='word_1_86' title='bbox 968 1356 1003 1437; x_wconf 94' lang='lat' dir='ltr'>I.,</span> <span class='ocrx_word' id='word_1_87' title='bbox 1021 1357 1048 1422; x_wconf 81' lang='lat'>7.</span> <span class='ocrx_word' id='word_1_88' title='bbox 1065 1355 1142 1434; x_wconf 87' lang='lat' dir='ltr'>Idus</span> <span class='ocrx_word' id='word_1_89' title='bbox 1157 1357 1285 1441; x_wconf 86' lang='lat' dir='ltr'>Aprilis,</span> <span class='ocrx_word' id='word_1_90' title='bbox 1301 1357 1486 1426; x_wconf 91' lang='lat' dir='ltr'>Nostrorum</span> 
     </span>
    </p>
   </div>
   <div class='ocr_carea' id='block_1_8' title="bbox 264 1453 1128 1635">
    <p class='ocr_par' dir='ltr' id='par_1_8' title="bbox 264 1453 1128 1635">
     <span class='ocr_line' id='line_1_11' title="bbox 264 1453 756 1540; baseline 0.004 -18"><span class='ocrx_word' id='word_1_91' title='bbox 264 1453 272 1465; x_wconf 84' lang='lat'><strong>&#39;</strong></span> <span class='ocrx_word' id='word_1_92' title='bbox 297 1456 478 1540; x_wconf 83' lang='lat' dir='ltr'>Regnorum</span> <span class='ocrx_word' id='word_1_93' title='bbox 499 1479 580 1526; x_wconf 89' lang='lat' dir='ltr'>anno</span> <span class='ocrx_word' id='word_1_94' title='bbox 603 1461 756 1527; x_wconf 83' lang='lat' dir='ltr'>secunde·</span> 
     </span>
     <span class='ocr_line' id='line_1_12' title="bbox 401 1563 1128 1635; baseline -0.004 -18"><span class='ocrx_word' id='word_1_95' title='bbox 401 1564 483 1631; x_wconf 71' lang='grc' dir='ltr'><strong>(Μαι.</strong></span> <span class='ocrx_word' id='word_1_96' title='bbox 501 1565 560 1623; x_wconf 70' lang='lat' dir='ltr'>hiat.</span> <span class='ocrx_word' id='word_1_97' title='bbox 584 1565 658 1619; x_wconf 78' lang='lat' dir='ltr'>Unio.</span> <span class='ocrx_word' id='word_1_98' title='bbox 677 1564 818 1634; x_wconf 72' lang='lat' dir='ltr'>Propontis</span> <span class='ocrx_word' id='word_1_99' title='bbox 835 1565 873 1618; x_wconf 91' lang='lat' dir='ltr'>Il.</span> <span class='ocrx_word' id='word_1_100' title='bbox 892 1563 955 1618; x_wconf 59' lang='lat' dir='ltr'>Orda</span> <span class='ocrx_word' id='word_1_101' title='bbox 973 1565 1040 1632; x_wconf 74' lang='lat' dir='ltr'>dipl.</span> <span class='ocrx_word' id='word_1_102' title='bbox 1060 1564 1128 1635; x_wconf 85' lang='grc' dir='ltr'>ΙΙ.)Ι</span> 
     </span>
    </p>
   </div>
   <div class='ocr_carea' id='block_1_9' title="bbox 400 1669 1486 1755">
    <p class='ocr_par' dir='ltr' id='par_1_9' title="bbox 400 1669 1486 1755">
     <span class='ocr_line' id='line_1_13' title="bbox 400 1669 1486 1755; baseline 0.001 -19"><span class='ocrx_word' id='word_1_103' title='bbox 400 1670 430 1736; x_wconf 88' lang='lat'>3.</span> <span class='ocrx_word' id='word_1_104' title='bbox 474 1670 717 1755; x_wconf 89' lang='lat' dir='ltr'>Imperialis</span> <span class='ocrx_word' id='word_1_105' title='bbox 763 1669 1029 1737; x_wconf 81' lang='lat' dir='ltr'>confirmatio</span> <span class='ocrx_word' id='word_1_106' title='bbox 1081 1669 1303 1738; x_wconf 80' lang='lat' dir='ltr'>Generalis</span> <span class='ocrx_word' id='word_1_107' title='bbox 1348 1670 1486 1739; x_wconf 83' lang='lat' dir='ltr'>Stadii</span> 
     </span>
    </p>
   </div>
   <div class='ocr_carea' id='block_1_10' title="bbox 40 1753 1075 1884">
    <p class='ocr_par' dir='ltr' id='par_1_10' title="bbox 40 1733 1075 1884">
     <span class='ocr_line' id='line_1_14' title="bbox 40 1753 1075 1884; baseline 0.016 -60"><span class='ocrx_word' id='word_1_108' title='bbox 40 1753 143 1884; x_wconf 52' lang='grc' dir='ltr'><strong><em>ζ</em></strong></span> <span class='ocrx_word' id='word_1_109' title='bbox 174 1867 177 1870; x_wconf 7' lang='grc' dir='ltr'><strong><em>ἢ</em></strong></span> <span class='ocrx_word' id='word_1_110' title='bbox 207 1759 210 1767; x_wconf 79' lang='grc'>’</span> <span class='ocrx_word' id='word_1_111' title='bbox 296 1775 454 1856; x_wconf 84' lang='lat' dir='ltr'>Pragae</span> <span class='ocrx_word' id='word_1_112' title='bbox 475 1773 650 1841; x_wconf 88' lang='lat' dir='ltr'>fundati.</span> <span class='ocrx_word' id='word_1_113' title='bbox 676 1774 770 1841; x_wconf 83' lang='lat'><strong>1349.</strong></span> <span class='ocrx_word' id='word_1_114' title='bbox 796 1755 845 1839; x_wconf 78' lang='lat'>14‘.</span> <span class='ocrx_word' id='word_1_115' title='bbox 869 1772 1075 1841; x_wconf 85' lang='lat' dir='ltr'>Januarii.</span> 
     </span>
    </p>
   </div>
   <div class='ocr_carea' id='block_1_11' title="bbox 297 1877 1486 2381">
    <p class='ocr_par' dir='ltr' id='par_1_11' title="bbox 297 1877 1486 2381">
     <span class='ocr_line' id='line_1_15' title="bbox 399 1877 1486 1964; baseline 0.005 -21"><span class='ocrx_word' id='word_1_116' title='bbox 399 1877 537 1946; x_wconf 82' lang='lat' dir='ltr'>Karalus</span> <span class='ocrx_word' id='word_1_117' title='bbox 569 1877 630 1945; x_wconf 90' lang='lat' dir='ltr'>Dei</span> <span class='ocrx_word' id='word_1_118' title='bbox 663 1879 767 1962; x_wconf 89' lang='lat' dir='ltr'>gratia</span> <span class='ocrx_word' id='word_1_119' title='bbox 795 1878 1015 1946; x_wconf 89' lang='lat' dir='ltr'>Romanorum·</span> <span class='ocrx_word' id='word_1_120' title='bbox 1038 1897 1094 1946; x_wconf 88' lang='lat' dir='ltr'>rex</span> <span class='ocrx_word' id='word_1_121' title='bbox 1116 1896 1242 1963; x_wconf 88' lang='lat' dir='ltr'>semper</span> <span class='ocrx_word' id='word_1_122' title='bbox 1270 1879 1434 1964; x_wconf 88' lang='lat' dir='ltr'>Augustus</span> <span class='ocrx_word' id='word_1_123' title='bbox 1455 1885 1486 1948; x_wconf 88' lang='lat' dir='ltr'>et</span> 
     </span>
     <span class='ocr_line' id='line_1_16' title="bbox 297 1983 531 2050; baseline 0.009 -2"><span class='ocrx_word' id='word_1_124' title='bbox 297 1983 447 2050; x_wconf 88' lang='lat' dir='ltr'>Boemiae</span> <span class='ocrx_word' id='word_1_125' title='bbox 467 2003 531 2050; x_wconf 86' lang='lat' dir='ltr'>rex.</span> 
     </span>
     <span class='ocr_line' id='line_1_17' title="bbox 399 2087 942 2173; baseline -0.002 -20"><span class='ocrx_word' id='word_1_126' title='bbox 399 2088 450 2155; x_wconf 86' lang='lat' dir='ltr'>Ad</span> <span class='ocrx_word' id='word_1_127' title='bbox 473 2093 659 2173; x_wconf 88' lang='lat' dir='ltr'>perpetuam</span> <span class='ocrx_word' id='word_1_128' title='bbox 681 2089 729 2155; x_wconf 88' lang='lat' dir='ltr'>rei</span> <span class='ocrx_word' id='word_1_129' title='bbox 750 2087 942 2156; x_wconf 90' lang='lat' dir='ltr'>memoriam.</span> 
     </span>
     <span class='ocr_line' id='line_1_18' title="bbox 399 2193 1483 2292; baseline 0.001 -33.042"><span class='ocrx_word' id='word_1_130' title='bbox 399 2195 471 2259; x_wconf 84' lang='lat' dir='ltr'>Etsi</span> <span class='ocrx_word' id='word_1_131' title='bbox 493 2195 601 2276; x_wconf 88' lang='lat' dir='ltr'>regiae</span> <span class='ocrx_word' id='word_1_132' title='bbox 623 2193 787 2276; x_wconf 86' lang='lat' dir='ltr'>dignitatis</span> <span class='ocrx_word' id='word_1_133' title='bbox 812 2193 1041 2292; x_wconf 86' lang='lat' dir='ltr'>circumspecta</span> <span class='ocrx_word' id='word_1_134' title='bbox 1063 2193 1241 2277; x_wconf 89' lang='lat' dir='ltr'>benignitas</span> <span class='ocrx_word' id='word_1_135' title='bbox 1265 2213 1303 2260; x_wconf 89' lang='grc' dir='ltr'>ιιι</span> <span class='ocrx_word' id='word_1_136' title='bbox 1327 2197 1483 2260; x_wconf 90' lang='lat' dir='ltr'>commissi</span> 
     </span>
     <span class='ocr_line' id='line_1_19' title="bbox 297 2279 1485 2381; baseline -0.001 -17"><span class='ocrx_word' id='word_1_137' title='bbox 297 2300 359 2365; x_wconf 90' lang='lat' dir='ltr'>sibi</span> <span class='ocrx_word' id='word_1_138' title='bbox 381 2318 457 2364; x_wconf 92' lang='lat' dir='ltr'>cura</span> <span class='ocrx_word' id='word_1_139' title='bbox 470 2298 633 2381; x_wconf 89' lang='lat' dir='ltr'>regiminis</span> <span class='ocrx_word' id='word_1_140' title='bbox 656 2299 876 2364; x_wconf 88' lang='lat' dir='ltr'>universorum</span> <span class='ocrx_word' id='word_1_141' title='bbox 891 2279 984 2368; x_wconf 87' lang='lat' dir='ltr'>salut</span> <span class='ocrx_word' id='word_1_142' title='bbox 975 2319 987 2364; x_wconf 96' lang='grc' dir='ltr'>ι</span> <span class='ocrx_word' id='word_1_143' title='bbox 1002 2317 1040 2364; x_wconf 89' lang='grc' dir='ltr'>ιιι</span> <span class='ocrx_word' id='word_1_144' title='bbox 1056 2298 1193 2381; x_wconf 88' lang='lat' dir='ltr'>quodam</span> <span class='ocrx_word' id='word_1_145' title='bbox 1217 2300 1330 2368; x_wconf 93' lang='lat' dir='ltr'>debito</span> <span class='ocrx_word' id='word_1_146' title='bbox 1341 2303 1448 2367; x_wconf 88' lang='lat' dir='ltr'>teneat</span> <span class='ocrx_word' id='word_1_147' title='bbox 1448 2321 1485 2364; x_wconf 90' lang='lat' dir='ltr'>ur</span> 
     </span>
    </p>
   </div>
   <div class='ocr_carea' id='block_1_12' title="bbox 40 2377 1485 2622">
    <p class='ocr_par' dir='ltr' id='par_1_12' title="bbox 40 2377 1485 2622">
     <span class='ocr_line' id='line_1_20' title="bbox 40 2377 1485 2487; baseline 0.002 -22"><span class='ocrx_word' id='word_1_148' title='bbox 40 2377 93 2475; x_wconf 47' lang='lat'>³²}</span> <span class='ocrx_word' id='word_1_149' title='bbox 138 2400 146 2405; x_wconf 81' lang='grc'><strong>”</strong></span> <span class='ocrx_word' id='word_1_150' title='bbox 175 2450 178 2456; x_wconf 26' lang='lat' dir='ltr'>r</span> <span class='ocrx_word' id='word_1_151' title='bbox 297 2404 516 2470; x_wconf 90' lang='lat' dir='ltr'>intendereet</span> <span class='ocrx_word' id='word_1_152' title='bbox 501 2408 667 2470; x_wconf 85' lang='lat' dir='ltr'>tenorum</span> <span class='ocrx_word' id='word_1_153' title='bbox 680 2401 832 2485; x_wconf 86' lang='lat' dir='ltr'>fidelium,</span> <span class='ocrx_word' id='word_1_154' title='bbox 855 2421 934 2487; x_wconf 90' lang='lat' dir='ltr'>quos</span> <span class='ocrx_word' id='word_1_155' title='bbox 947 2408 1184 2480; x_wconf 86' lang='lat' dir='ltr'>sacrosanctum</span> <span class='ocrx_word' id='word_1_156' title='bbox 1197 2405 1375 2471; x_wconf 90' lang='lat' dir='ltr'>Romanum</span> <span class='ocrx_word' id='word_1_157' title='bbox 1390 2404 1485 2471; x_wconf 89' lang='lat' dir='ltr'>ambit</span> 
     </span>
     <span class='ocr_line' id='line_1_21' title="bbox 40 2497 1484 2622; baseline 0.004 -54"><span class='ocrx_word' id='word_1_158' title='bbox 40 2497 81 2622; x_wconf 48' lang='lat'>{⁴</span> <span class='ocrx_word' id='word_1_159' title='bbox 193 2550 196 2559; x_wconf 78' lang='lat'>,</span> <span class='ocrx_word' id='word_1_160' title='bbox 297 2509 475 2590; x_wconf 90' lang='lat' dir='ltr'>imperium,</span> <span class='ocrx_word' id='word_1_161' title='bbox 510 2508 729 2574; x_wconf 89' lang='lat' dir='ltr'>utilitatest</span> <span class='ocrx_word' id='word_1_162' title='bbox 695 2513 729 2574; x_wconf 93' lang='lat' dir='ltr'>et</span> <span class='ocrx_word' id='word_1_163' title='bbox 758 2508 922 2575; x_wconf 89' lang='lat' dir='ltr'>commoda</span> <span class='ocrx_word' id='word_1_164' title='bbox 949 2527 1129 2592; x_wconf 89' lang='lat' dir='ltr'>procurare,</span> <span class='ocrx_word' id='word_1_165' title='bbox 1163 2509 1354 2592; x_wconf 89' lang='lat' dir='ltr'>singularius</span> <span class='ocrx_word' id='word_1_166' title='bbox 1382 2513 1484 2575; x_wconf 90' lang='lat' dir='ltr'>tamen</span> 
     </span>
    </p>
   </div>
   <div class='ocr_carea' id='block_1_13' title="bbox 239 2611 1484 2695">
    <p class='ocr_par' dir='ltr' id='par_1_13' title="bbox 239 2611 1484 2695">
     <span class='ocr_line' id='line_1_22' title="bbox 239 2611 1484 2695; baseline -0.003 -12"><span class='ocrx_word' id='word_1_167' title='bbox 239 2666 243 2683; x_wconf 86' lang='lat'><em>.</em></span> <span class='ocrx_word' id='word_1_168' title='bbox 298 2613 528 2695; x_wconf 89' lang='lat' dir='ltr'>patrimonialis</span> <span class='ocrx_word' id='word_1_169' title='bbox 571 2612 674 2695; x_wconf 83' lang='lat' dir='ltr'>Regni</span> <span class='ocrx_word' id='word_1_170' title='bbox 703 2611 812 2678; x_wconf 85' lang='lat' dir='ltr'>Nostri</span> <span class='ocrx_word' id='word_1_171' title='bbox 843 2612 993 2681; x_wconf 91' lang='lat' dir='ltr'>Boemiae</span> <span class='ocrx_word' id='word_1_172' title='bbox 1034 2615 1157 2680; x_wconf 89' lang='lat' dir='ltr'>interna</span> <span class='ocrx_word' id='word_1_173' title='bbox 1190 2614 1317 2680; x_wconf 91' lang='lat' dir='ltr'>dilectio</span> <span class='ocrx_word' id='word_1_174' title='bbox 1351 2617 1484 2680; x_wconf 88' lang='lat' dir='ltr'>mentem</span> 
     </span>
    </p>
   </div>
   <div class='ocr_carea' id='block_1_14' title="bbox 94 2706 1484 2799">
    <p class='ocr_par' dir='ltr' id='par_1_14' title="bbox 40 2686 1484 2811">
     <span class='ocr_line' id='line_1_23' title="bbox 94 2706 1484 2799; baseline 0.001 -18.925"><span class='ocrx_word' id='word_1_175' title='bbox 49 2686 103 2794; x_wconf 60' lang='grc' dir='ltr'>Ϊέῗ,</span> <span class='ocrx_word' id='word_1_176' title='bbox 164 2730 166 2733; x_wconf 88' lang='grc'><strong>·</strong></span> <span class='ocrx_word' id='word_1_177' title='bbox 263 2762 265 2765; x_wconf 93' lang='grc'>-</span> <span class='ocrx_word' id='word_1_178' title='bbox 297 2716 447 2782; x_wconf 84' lang='lat' dir='ltr'>Nostram</span> <span class='ocrx_word' id='word_1_179' title='bbox 468 2719 595 2785; x_wconf 82' lang='lat' dir='ltr'>videtur</span> <span class='ocrx_word' id='word_1_180' title='bbox 616 2719 753 2799; x_wconf 89' lang='lat' dir='ltr'>allicere,</span> <span class='ocrx_word' id='word_1_181' title='bbox 776 2718 914 2784; x_wconf 90' lang='lat' dir='ltr'>utillud</span> <span class='ocrx_word' id='word_1_182' title='bbox 936 2720 1035 2785; x_wconf 89' lang='lat' dir='ltr'>veluti</span> <span class='ocrx_word' id='word_1_183' title='bbox 1057 2718 1244 2786; x_wconf 84' lang='lat' dir='ltr'>viridarium</span> <span class='ocrx_word' id='word_1_184' title='bbox 1264 2719 1426 2785; x_wconf 89' lang='lat' dir='ltr'>oculorum</span> <span class='ocrx_word' id='word_1_185' title='bbox 1455 2721 1484 2783; x_wconf 92' lang='lat' dir='ltr'>et</span> 
     </span>
    </p>
   </div>
   <div class='ocr_carea' id='block_1_15' title="bbox 297 2820 1486 3536">
    <p class='ocr_par' dir='ltr' id='par_1_15' title="bbox 297 2820 1486 3536">
     <span class='ocr_line' id='line_1_24' title="bbox 297 2820 1483 2906; baseline 0.003 -21"><span class='ocrx_word' id='word_1_186' title='bbox 297 2820 434 2887; x_wconf 89' lang='lat' dir='ltr'>Nostrae</span> <span class='ocrx_word' id='word_1_187' title='bbox 455 2821 531 2906; x_wconf 88' lang='lat' dir='ltr'>Maj.</span> <span class='ocrx_word' id='word_1_188' title='bbox 555 2823 697 2906; x_wconf 82' lang='lat' dir='ltr'>privatas</span> <span class='ocrx_word' id='word_1_189' title='bbox 719 2823 850 2888; x_wconf 91' lang='lat' dir='ltr'>delicias</span> <span class='ocrx_word' id='word_1_190' title='bbox 873 2823 1064 2906; x_wconf 82' lang='lat' dir='ltr'>specialibus</span> <span class='ocrx_word' id='word_1_191' title='bbox 1086 2821 1260 2906; x_wconf 89' lang='lat' dir='ltr'>gratiarum</span> <span class='ocrx_word' id='word_1_192' title='bbox 1273 2823 1377 2888; x_wconf 91' lang='lat' dir='ltr'>titulis</span> <span class='ocrx_word' id='word_1_193' title='bbox 1392 2841 1483 2905; x_wconf 87' lang='lat' dir='ltr'>gene·</span> 
     </span>
     <span class='ocr_line' id='line_1_25' title="bbox 297 2925 1485 3010; baseline 0.002 -21"><span class='ocrx_word' id='word_1_194' title='bbox 297 2925 401 2990; x_wconf 88' lang='lat' dir='ltr'>rusius</span> <span class='ocrx_word' id='word_1_195' title='bbox 429 2927 619 2993; x_wconf 89' lang='lat' dir='ltr'>attollamus.</span> <span class='ocrx_word' id='word_1_196' title='bbox 665 2926 747 2994; x_wconf 84' lang='lat' dir='ltr'>Sane</span> <span class='ocrx_word' id='word_1_197' title='bbox 778 2945 851 2993; x_wconf 90' lang='lat' dir='ltr'>cum</span> <span class='ocrx_word' id='word_1_198' title='bbox 879 2927 999 2993; x_wconf 90' lang='lat' dir='ltr'>dudum</span> <span class='ocrx_word' id='word_1_199' title='bbox 1033 2947 1071 2992; x_wconf 89' lang='grc' dir='ltr'>ιιι</span> <span class='ocrx_word' id='word_1_200' title='bbox 1099 2927 1232 3010; x_wconf 87' lang='lat' dir='ltr'>provida</span> <span class='ocrx_word' id='word_1_201' title='bbox 1261 2927 1485 2995; x_wconf 88' lang='lat' dir='ltr'>deliberatione</span> 
     </span>
     <span class='ocr_line' id='line_1_26' title="bbox 298 3029 1485 3114; baseline 0 -19"><span class='ocrx_word' id='word_1_202' title='bbox 298 3029 390 3095; x_wconf 86' lang='lat' dir='ltr'>Sedis</span> <span class='ocrx_word' id='word_1_203' title='bbox 412 3030 615 3113; x_wconf 89' lang='lat' dir='ltr'>Apostolicae</span> <span class='ocrx_word' id='word_1_204' title='bbox 638 3049 694 3114; x_wconf 89' lang='lat' dir='ltr'>pre</span> <span class='ocrx_word' id='word_1_205' title='bbox 717 3032 831 3096; x_wconf 88' lang='lat' dir='ltr'>decore</span> <span class='ocrx_word' id='word_1_206' title='bbox 854 3036 886 3097; x_wconf 91' lang='lat' dir='ltr'>et</span> <span class='ocrx_word' id='word_1_207' title='bbox 907 3030 1073 3114; x_wconf 87' lang='lat' dir='ltr'>magnifico</span> <span class='ocrx_word' id='word_1_208' title='bbox 1096 3035 1181 3098; x_wconf 88' lang='lat' dir='ltr'>statu</span> <span class='ocrx_word' id='word_1_209' title='bbox 1202 3031 1304 3114; x_wconf 86' lang='lat' dir='ltr'>Regni</span> <span class='ocrx_word' id='word_1_210' title='bbox 1332 3031 1485 3113; x_wconf 88' lang='lat' dir='ltr'>praedicti</span> 
     </span>
     <span class='ocr_line' id='line_1_27' title="bbox 297 3134 1485 3220; baseline -0.001 -20"><span class='ocrx_word' id='word_1_211' title='bbox 297 3136 330 3200; x_wconf 94' lang='lat' dir='ltr'>in</span> <span class='ocrx_word' id='word_1_212' title='bbox 353 3135 481 3201; x_wconf 87' lang='lat' dir='ltr'>civitate</span> <span class='ocrx_word' id='word_1_213' title='bbox 502 3134 664 3218; x_wconf 88' lang='lat' dir='ltr'>Pragensi,</span> <span class='ocrx_word' id='word_1_214' title='bbox 697 3155 779 3220; x_wconf 89' lang='lat' dir='ltr'>quae</span> <span class='ocrx_word' id='word_1_215' title='bbox 809 3136 910 3219; x_wconf 90' lang='lat' dir='ltr'>ipsius</span> <span class='ocrx_word' id='word_1_216' title='bbox 939 3135 1041 3218; x_wconf 87' lang='lat' dir='ltr'>Regni</span> <span class='ocrx_word' id='word_1_217' title='bbox 1070 3136 1253 3220; x_wconf 87' lang='lat' dir='ltr'>metropolis</span> <span class='ocrx_word' id='word_1_218' title='bbox 1282 3135 1350 3200; x_wconf 89' lang='lat' dir='ltr'>fore</span> <span class='ocrx_word' id='word_1_219' title='bbox 1379 3134 1485 3218; x_wconf 87' lang='lat' dir='ltr'>digno·</span> 
     </span>
     <span class='ocr_line' id='line_1_28' title="bbox 298 3240 1484 3322; baseline 0 -18"><span class='ocrx_word' id='word_1_220' title='bbox 298 3241 406 3319; x_wconf 91' lang='lat' dir='ltr'>scitur,</span> <span class='ocrx_word' id='word_1_221' title='bbox 439 3240 650 3306; x_wconf 90' lang='lat' dir='ltr'>instauratum</span> <span class='ocrx_word' id='word_1_222' title='bbox 683 3244 726 3308; x_wconf 93' lang='lat' dir='ltr'>sit</span> <span class='ocrx_word' id='word_1_223' title='bbox 757 3241 905 3308; x_wconf 85' lang='lat' dir='ltr'>Studium</span> <span class='ocrx_word' id='word_1_224' title='bbox 938 3241 1094 3308; x_wconf 84' lang='lat' dir='ltr'>Generale</span> <span class='ocrx_word' id='word_1_225' title='bbox 1128 3245 1160 3306; x_wconf 90' lang='lat' dir='ltr'>et</span> <span class='ocrx_word' id='word_1_226' title='bbox 1189 3241 1333 3306; x_wconf 90' lang='lat' dir='ltr'>omnibus</span> <span class='ocrx_word' id='word_1_227' title='bbox 1366 3240 1484 3322; x_wconf 85' lang='lat' dir='ltr'>gratiis,</span> 
     </span>
     <span class='ocr_line' id='line_1_29' title="bbox 297 3344 1486 3428; baseline 0 -19"><span class='ocrx_word' id='word_1_228' title='bbox 297 3344 479 3425; x_wconf 90' lang='lat' dir='ltr'>honoribus,</span> <span class='ocrx_word' id='word_1_229' title='bbox 501 3345 764 3427; x_wconf 88' lang='lat' dir='ltr'>immunitatibus,</span> <span class='ocrx_word' id='word_1_230' title='bbox 787 3346 987 3414; x_wconf 89' lang='lat' dir='ltr'>libertatibus</span> <span class='ocrx_word' id='word_1_231' title='bbox 1012 3350 1044 3411; x_wconf 94' lang='lat' dir='ltr'>et</span> <span class='ocrx_word' id='word_1_232' title='bbox 1066 3345 1345 3412; x_wconf 89' lang='lat' dir='ltr'>consuetudinibus</span> <span class='ocrx_word' id='word_1_233' title='bbox 1364 3350 1486 3428; x_wconf 89' lang='lat' dir='ltr'>aposto-</span> 
     </span>
     <span class='ocr_line' id='line_1_30' title="bbox 297 3443 1486 3536; baseline -0.001 -23"><span class='ocrx_word' id='word_1_234' title='bbox 297 3448 378 3530; x_wconf 85' lang='lat' dir='ltr'>licis,</span> <span class='ocrx_word' id='word_1_235' title='bbox 402 3443 524 3532; x_wconf 67' lang='lat' dir='ltr'>&#39;qnibus</span> <span class='ocrx_word' id='word_1_236' title='bbox 557 3452 621 3517; x_wconf 92' lang='lat' dir='ltr'>alia</span> <span class='ocrx_word' id='word_1_237' title='bbox 647 3453 779 3536; x_wconf 84' lang='lat' dir='ltr'>quaeris</span> <span class='ocrx_word' id='word_1_238' title='bbox 802 3450 972 3517; x_wconf 81' lang='lat' dir='ltr'>Generalia</span> <span class='ocrx_word' id='word_1_239' title='bbox 998 3450 1110 3516; x_wconf 83' lang='lat' dir='ltr'>Studia</span> <span class='ocrx_word' id='word_1_240' title='bbox 1132 3450 1279 3516; x_wconf 89' lang='lat' dir='ltr'>decorata</span> <span class='ocrx_word' id='word_1_241' title='bbox 1307 3453 1486 3528; x_wconf 89' lang='lat' dir='ltr'>noscuntur,</span> 
     </span>
    </p>
   </div>
   <div class='ocr_carea' id='block_1_16' title="bbox 57 3534 1486 3639">
    <p class='ocr_par' dir='ltr' id='par_1_16' title="bbox 40 3534 1486 3655">
     <span class='ocr_line' id='line_1_31' title="bbox 57 3534 1486 3639; baseline -0.004 -15.071"><span class='ocrx_word' id='word_1_242' title='bbox 40 3534 72 3601; x_wconf 45' lang='lat'>*³5</span> <span class='ocrx_word' id='word_1_243' title='bbox 192 3608 194 3611; x_wconf 93' lang='lat'>.</span> <span class='ocrx_word' id='word_1_244' title='bbox 297 3553 394 3620; x_wconf 88' lang='lat' dir='ltr'>fuerit</span> <span class='ocrx_word' id='word_1_245' title='bbox 416 3556 599 3637; x_wconf 89' lang='lat' dir='ltr'>generosius</span> <span class='ocrx_word' id='word_1_246' title='bbox 623 3557 857 3639; x_wconf 88' lang='lat' dir='ltr'>communitum,</span> <span class='ocrx_word' id='word_1_247' title='bbox 893 3557 976 3623; x_wconf 89' lang='lat' dir='ltr'>sicut</span> <span class='ocrx_word' id='word_1_248' title='bbox 1004 3556 1064 3620; x_wconf 88' lang='lat' dir='ltr'>huc</span> <span class='ocrx_word' id='word_1_249' title='bbox 1095 3556 1190 3620; x_wconf 90' lang='lat' dir='ltr'>etiam</span> <span class='ocrx_word' id='word_1_250' title='bbox 1220 3555 1346 3619; x_wconf 89' lang='lat' dir='ltr'>litterae</span> <span class='ocrx_word' id='word_1_251' title='bbox 1378 3571 1486 3636; x_wconf 89' lang='lat' dir='ltr'>supra·</span> 
     </span>
    </p>
   </div>
   <div class='ocr_carea' id='block_1_17' title="bbox 299 3657 1485 3752">
    <p class='ocr_par' dir='ltr' id='par_1_17' title="bbox 299 3657 1485 3752">
     <span class='ocr_line' id='line_1_32' title="bbox 299 3657 1485 3752; baseline 0.002 -31"><span class='ocrx_word' id='word_1_252' title='bbox 299 3658 404 3724; x_wconf 88' lang='lat' dir='ltr'>dictae</span> <span class='ocrx_word' id='word_1_253' title='bbox 424 3657 517 3726; x_wconf 82' lang='lat' dir='ltr'>Sedis</span> <span class='ocrx_word' id='word_1_254' title='bbox 540 3659 676 3743; x_wconf 89' lang='lat' dir='ltr'>desuper</span> <span class='ocrx_word' id='word_1_255' title='bbox 698 3662 804 3727; x_wconf 90' lang='lat' dir='ltr'>editae</span> <span class='ocrx_word' id='word_1_256' title='bbox 820 3662 934 3728; x_wconf 88' lang='lat' dir='ltr'>clarius</span> <span class='ocrx_word' id='word_1_257' title='bbox 950 3664 997 3725; x_wconf 91' lang='lat' dir='ltr'>att</span> <span class='ocrx_word' id='word_1_258' title='bbox 998 3663 1047 3724; x_wconf 93' lang='lat' dir='ltr'>est</span> <span class='ocrx_word' id='word_1_259' title='bbox 1048 3663 1103 3725; x_wconf 89' lang='lat' dir='ltr'>ant</span> <span class='ocrx_word' id='word_1_260' title='bbox 1103 3679 1156 3724; x_wconf 93' lang='lat' dir='ltr'>ur:</span> <span class='ocrx_word' id='word_1_261' title='bbox 1179 3657 1277 3724; x_wconf 91' lang='lat' dir='ltr'>Nos</span> <span class='ocrx_word' id='word_1_262' title='bbox 1268 3659 1367 3752; x_wconf 84' lang='lat' dir='ltr'>igitur</span> <span class='ocrx_word' id='word_1_263' title='bbox 1385 3659 1485 3724; x_wconf 90' lang='lat' dir='ltr'>animo</span> 
     </span>
    </p>
   </div>
   <div class='ocr_carea' id='block_1_18' title="bbox 193 3757 1485 3847">
    <p class='ocr_par' dir='ltr' id='par_1_18' title="bbox 193 3757 1485 3847">
     <span class='ocr_line' id='line_1_33' title="bbox 193 3757 1485 3847; baseline 0.001 -20"><span class='ocrx_word' id='word_1_264' title='bbox 193 3757 195 3764; x_wconf 78' lang='lat'>&#39;</span> <span class='ocrx_word' id='word_1_265' title='bbox 300 3762 513 3828; x_wconf 83' lang='lat' dir='ltr'>deliberatae</span> <span class='ocrx_word' id='word_1_266' title='bbox 514 3767 673 3829; x_wconf 90' lang='lat' dir='ltr'>tmaturo</span> <span class='ocrx_word' id='word_1_267' title='bbox 697 3766 826 3829; x_wconf 90' lang='lat' dir='ltr'>consilio</span> <span class='ocrx_word' id='word_1_268' title='bbox 857 3763 1066 3847; x_wconf 90' lang='lat' dir='ltr'>praecedente</span> <span class='ocrx_word' id='word_1_269' title='bbox 1094 3782 1151 3845; x_wconf 89' lang='lat' dir='ltr'>pro</span> <span class='ocrx_word' id='word_1_270' title='bbox 1182 3763 1356 3845; x_wconf 89' lang='lat' dir='ltr'>supradicti</span> <span class='ocrx_word' id='word_1_271' title='bbox 1386 3762 1485 3844; x_wconf 86' lang='lat' dir='ltr'>Regni</span> 
     </span>
    </p>
   </div>
   <div class='ocr_carea' id='block_1_19' title="bbox 255 3853 1486 4473">
    <p class='ocr_par' dir='ltr' id='par_1_19' title="bbox 255 3853 1486 4473">
     <span class='ocr_line' id='line_1_34' title="bbox 298 3853 1485 3951; baseline 0.001 -21"><span class='ocrx_word' id='word_1_272' title='bbox 298 3866 407 3931; x_wconf 89' lang='lat' dir='ltr'>Nostri</span> <span class='ocrx_word' id='word_1_273' title='bbox 429 3869 515 3931; x_wconf 92' lang='lat' dir='ltr'>statu</span> <span class='ocrx_word' id='word_1_274' title='bbox 538 3870 571 3932; x_wconf 89' lang='lat' dir='ltr'>et</span> <span class='ocrx_word' id='word_1_275' title='bbox 556 3853 747 3933; x_wconf 89' lang='lat' dir='ltr'>tsublimat</span> <span class='ocrx_word' id='word_1_276' title='bbox 724 3871 810 3932; x_wconf 79' lang='lat' dir='ltr'>tione</span> <span class='ocrx_word' id='word_1_277' title='bbox 825 3867 909 3934; x_wconf 84' lang='lat' dir='ltr'>felici</span> <span class='ocrx_word' id='word_1_278' title='bbox 925 3867 1088 3951; x_wconf 90' lang='lat' dir='ltr'>supradict</span> <span class='ocrx_word' id='word_1_279' title='bbox 1088 3871 1194 3933; x_wconf 92' lang='lat' dir='ltr'>umt</span> <span class='ocrx_word' id='word_1_280' title='bbox 1157 3866 1194 3932; x_wconf 83' lang='lat' dir='ltr'>St</span> <span class='ocrx_word' id='word_1_281' title='bbox 1194 3868 1313 3948; x_wconf 87' lang='lat' dir='ltr'>udium,</span> <span class='ocrx_word' id='word_1_282' title='bbox 1333 3867 1485 3946; x_wconf 88' lang='lat' dir='ltr'>doctores,</span> 
     </span>
     <span class='ocr_line' id='line_1_35' title="bbox 299 3970 1486 4056; baseline 0.001 -21"><span class='ocrx_word' id='word_1_283' title='bbox 299 3970 530 4051; x_wconf 89' lang='lat' dir='ltr'>magistros,t</span> <span class='ocrx_word' id='word_1_284' title='bbox 500 3970 720 4038; x_wconf 89' lang='lat' dir='ltr'>sttudentese</span> <span class='ocrx_word' id='word_1_285' title='bbox 740 3971 940 4038; x_wconf 88' lang='lat' dir='ltr'>familiares</span> <span class='ocrx_word' id='word_1_286' title='bbox 931 3978 1120 4056; x_wconf 83' lang='lat' dir='ltr'>ipsorumet</span> <span class='ocrx_word' id='word_1_287' title='bbox 1134 3977 1234 4038; x_wconf 90' lang='lat' dir='ltr'>totam</span> <span class='ocrx_word' id='word_1_288' title='bbox 1249 3971 1486 4038; x_wconf 83' lang='lat' dir='ltr'>universitatem</span> 
     </span>
     <span class='ocr_line' id='line_1_36' title="bbox 255 4073 1486 4160; baseline 0.003 -22"><span class='ocrx_word' id='word_1_289' title='bbox 255 4133 261 4138; x_wconf 79' lang='lat'><strong>.</strong></span> <span class='ocrx_word' id='word_1_290' title='bbox 300 4075 443 4156; x_wconf 77' lang='lat' dir='ltr'>eJusdem</span> <span class='ocrx_word' id='word_1_291' title='bbox 465 4073 569 4141; x_wconf 85' lang='lat' dir='ltr'>Studii</span> <span class='ocrx_word' id='word_1_292' title='bbox 590 4076 747 4144; x_wconf 89' lang='lat' dir='ltr'>universis</span> <span class='ocrx_word' id='word_1_293' title='bbox 770 4081 803 4142; x_wconf 90' lang='lat' dir='ltr'>et</span> <span class='ocrx_word' id='word_1_294' title='bbox 825 4077 957 4159; x_wconf 90' lang='lat' dir='ltr'>singulis</span> <span class='ocrx_word' id='word_1_295' title='bbox 980 4078 1101 4160; x_wconf 89' lang='lat' dir='ltr'>gratiis,</span> <span class='ocrx_word' id='word_1_296' title='bbox 1131 4077 1312 4158; x_wconf 88' lang='lat' dir='ltr'>honoribus,</span> <span class='ocrx_word' id='word_1_297' title='bbox 1342 4076 1486 4142; x_wconf 89' lang='lat' dir='ltr'>immuni·</span> 
     </span>
     <span class='ocr_line' id='line_1_37' title="bbox 299 4179 1486 4264; baseline 0.005 -24"><span class='ocrx_word' id='word_1_298' title='bbox 299 4179 428 4260; x_wconf 91' lang='lat' dir='ltr'>tatibus,</span> <span class='ocrx_word' id='word_1_299' title='bbox 461 4179 671 4262; x_wconf 87' lang='lat' dir='ltr'>libertatibus,</span> <span class='ocrx_word' id='word_1_300' title='bbox 705 4182 956 4264; x_wconf 90' lang='lat' dir='ltr'>exemptionibus</span> <span class='ocrx_word' id='word_1_301' title='bbox 990 4186 1022 4248; x_wconf 91' lang='lat' dir='ltr'>et</span> <span class='ocrx_word' id='word_1_302' title='bbox 1054 4181 1342 4262; x_wconf 89' lang='lat' dir='ltr'>consuetudinibus,</span> <span class='ocrx_word' id='word_1_303' title='bbox 1373 4181 1486 4264; x_wconf 87' lang='lat' dir='ltr'>quibus</span> 
     </span>
     <span class='ocr_line' id='line_1_38' title="bbox 301 4281 1485 4370; baseline 0.005 -24"><span class='ocrx_word' id='word_1_304' title='bbox 301 4282 363 4346; x_wconf 87' lang='lat' dir='ltr'>alia</span> <span class='ocrx_word' id='word_1_305' title='bbox 394 4281 507 4349; x_wconf 83' lang='lat' dir='ltr'>Studia</span> <span class='ocrx_word' id='word_1_306' title='bbox 539 4286 699 4366; x_wconf 90' lang='lat' dir='ltr'>generalia</span> <span class='ocrx_word' id='word_1_307' title='bbox 732 4304 789 4367; x_wconf 91' lang='lat' dir='ltr'>per</span> <span class='ocrx_word' id='word_1_308' title='bbox 822 4285 912 4352; x_wconf 87' lang='lat' dir='ltr'>divos</span> <span class='ocrx_word' id='word_1_309' title='bbox 944 4286 1156 4352; x_wconf 91' lang='lat' dir='ltr'>Romanorum</span> <span class='ocrx_word' id='word_1_310' title='bbox 1190 4287 1398 4370; x_wconf 89' lang='lat' dir='ltr'>imperatores</span> <span class='ocrx_word' id='word_1_311' title='bbox 1430 4305 1485 4352; x_wconf 90' lang='lat' dir='ltr'>seu</span> 
     </span>
     <span class='ocr_line' id='line_1_39' title="bbox 299 4387 1484 4473; baseline 0.008 -26"><span class='ocrx_word' id='word_1_312' title='bbox 299 4402 400 4466; x_wconf 88' lang='lat' dir='ltr'>reges,</span> <span class='ocrx_word' id='word_1_313' title='bbox 433 4387 693 4468; x_wconf 87' lang='lat' dir='ltr'>praedecessores</span> <span class='ocrx_word' id='word_1_314' title='bbox 725 4388 868 4470; x_wconf 88' lang='lat' dir='ltr'>Nostros,</span> <span class='ocrx_word' id='word_1_315' title='bbox 902 4389 1024 4472; x_wconf 90' lang='lat' dir='ltr'>pridem</span> <span class='ocrx_word' id='word_1_316' title='bbox 1060 4391 1211 4473; x_wconf 90' lang='lat' dir='ltr'>insignita</span> <span class='ocrx_word' id='word_1_317' title='bbox 1246 4394 1327 4473; x_wconf 91' lang='lat' dir='ltr'>sunt,</span> <span class='ocrx_word' id='word_1_318' title='bbox 1365 4409 1484 4457; x_wconf 85' lang='lat' dir='ltr'>exnunc</span> 
     </span>
    </p>
   </div>
   <div class='ocr_carea' id='block_1_20' title="bbox 0 0 1619 5012">
    <p class='ocr_par' dir='ltr' id='par_1_20' title="bbox 0 0 1619 5012">
     <span class='ocr_line' id='line_1_40' title="bbox 0 0 1619 5012; baseline 0 0"><span class='ocrx_word' id='word_1_319' title='bbox 0 0 1619 5012; x_wconf 95' lang='lat' dir='ltr'> </span> 
     </span>
    </p>
   </div>
  </div>
 </body>
</html>
