3225 5017
239 332 270 381 12
461 324 518 395 Cap
534 323 556 378 1.
573 320 629 376 Res
647 322 681 377 ad
698 322 775 391 regni
792 320 1053 376 administrationem
1071 322 1235 387 spectantes.

341 518 372 583 2.
395 517 523 583 Domini
552 522 587 583 et
614 516 708 581 amici
730 513 902 581 carissimil
946 514 996 578 Ex
1017 512 1148 596 speciali
1177 509 1324 577 mandato
1347 508 1431 576 serEi

242 620 359 687 domini
387 622 488 688 nostri
516 621 729 686 Romanorum
759 624 791 685 et
813 618 964 685 Boemiae
992 618 1087 700 regis,
1118 616 1278 691 dilectioni
1307 618 1432 680 restrae

238 728 364 793 nomine
386 727 489 809 ipsius
511 726 629 791 domiui
651 726 750 792 nostri
771 726 992 809 praesentibus
1015 723 1134 789 seriose
1156 720 1379 786 committimus
1401 720 1434 780 et

237 812 433 913 manda'mus,
469 835 625 914 quatenus
658 831 721 895 duo
755 849 794 895 err
823 830 923 910 vobis,
957 829 1108 895 habentes
1141 826 1278 892 civitatis
1307 828 1432 894 vestrae

236 936 364 1019 plenum
386 955 481 1019 posse
512 936 631 1018 pariter
661 939 693 1000 et
721 934 914 1015 mandatum,
943 934 1064 1016 Pragae
1094 933 1146 999 die
1167 930 1333 997 Dominica
1361 946 1432 1010 pro-

235 1041 320 1107 xima
342 1046 415 1124 post
435 1040 553 1107 festum
567 1039 753 1105 Natiuitatis
776 1038 806 1105 S.
831 1038 953 1105 Mariae
976 1039 1117 1121 proxime
1137 1041 1305 1103 venturum
1327 1051 1432 1098 coram

235 1146 305 1227 ipso
328 1146 453 1211 domino
476 1148 584 1210 nostro
606 1162 681 1226 rege
704 1148 760 1209 aut
775 1146 844 1228 ejus
867 1141 1054 1210 officialibus
1076 1160 1172 1224 super
1192 1140 1301 1206 arduis
1316 1141 1433 1203 tracta-

234 1251 298 1314 turi
330 1251 467 1333 negotiis
501 1250 570 1315 sitis
604 1248 813 1315 infallibiliter
848 1249 1020 1328 constituti,
1068 1245 1206 1332 regalis?
1219 1245 1340 1327 gratiae
1373 1244 1432 1307 sub

236 1354 375 1421 obtentu.
1404 1351 1408 1356 ’

343 1476 415 1543 Dat.
441 1476 549 1561 (1388,
572 1497 612 1542 m.
637 1475 806 1559 Augusto).

341 1598 561 1681 sigismundus
583 1599 685 1665 Huler
713 1599 802 1681 regni
825 1597 974 1663 Boemiae
998 1596 1257 1680 subcamerarius,
1290 1611 1431 1659 necnon

241 1723 407 1787 supremus
429 1706 570 1772 notarius
594 1702 736 1789 ejusdcm
758 1704 849 1786 regni
870 1703 996 1785 regalis.

138 1896 140 1913 ,
270 1844 274 1867 ’
340 1845 378 1913 (Ε
394 1844 455 1899 ocu.
474 1844 558 1910 Capit.
576 1846 646 1915 Pruq
664 1846 687 1899 1.
703 1848 751 1898 40:
770 1844 895 1912 Pacata,
911 1842 1106 1927 Bbmnelbitcbcr
1122 1840 1159 1894 Il.
1176 1842 1228 1891 130
1245 1840 1282 1907 a).

341 2038 370 2101 3.
394 2036 663 2103 Wenceslaus
693 2036 755 2103 Dei
784 2037 887 2119 gratia
908 2037 1120 2124 Romanorum
1141 2053 1197 2099 rex
1219 2052 1345 2115 semper
1363 2031 1430 2100 Au-

237 2147 348 2223 gustus
379 2146 411 2206 et
433 2141 582 2207 Boemiae
610 2161 666 2207 rex
696 2142 853 2209 universis
883 2147 916 2207 et
937 2142 1070 2225 singulis
1092 2140 1279 2220 abbatibus„
1298 2157 1430 2226 praepo-

238 2246 317 2326 sitis,
339 2246 498 2327 prioribus
520 2247 752 2328 monachorum,
776 2266 916 2314 necnon
939 2247 1243 2314 commendatoribus
1268 2245 1430 2333 domorum

237 2349 370 2429 devotis,
401 2355 433 2415 et
462 2352 623 2433 signanter
652 2353 813 2435 magistris
833 2355 958 2433 civium,
986 2351 1156 2437 judicibus,
1189 2349 1369 2415 consulibus
1399 2352 1430 2412 et

232 2454 349 2537 juratis
379 2455 542 2521 civitatum
572 2449 667 2538 regni
682 2456 792 2524 Nostri
815 2457 995 2537 Bohemiae,
1030 2455 1176 2523 fidelibus
1206 2456 1273 2521 suis
1296 2453 1429 2532 dilectis,

236 2559 372 2639 gratiam
395 2560 515 2641 regiam
538 2566 571 2626 et
592 2580 684 2626 omne
705 2562 830 2627 bonum

342 2681 458 2746 Devoti
481 2686 513 2746 et
535 2680 645 2747 fideles
668 2682 791 2748 dilectit
816 2682 898 2761 Quia
912 2686 1043 2765 propter·
1057 2686 1166 2747 certas
1183 2686 1216 2745 et
1236 2680 1430 2745 necessarias

238 2803 349 2851 causas
364 2784 431 2851 Nos
447 2791 479 2851 et
493 2804 625 2868 reguum
639 2786 789 2852 Boemiae
811 2790 976 2869 tangentes
999 2785 1039 2850 ad
1062 2803 1213 2867 praesens
1228 2786 1327 2850 vestri
1341 2802 1431 2866 prae-

238 2891 340 2956 sentia
373 2891 543 2973 plurimum
579 2892 773 2973 indigemus:
807 2892 926 2957 idcirco
958 2892 1103 2958 volumus
1136 2893 1169 2954 et
1201 2890 1291 2955 vobis
1323 2894 1431 2954 tenore

236 2996 449 3077 praesentium
480 2995 599 3059 seriose
628 2997 851 3078 praecipiendo
880 2996 1075 3075 mandamus,
1106 2998 1261 3077 quatenus
1290 2995 1431 3076 proxima

237 3100 289 3163 die
303 3099 470 3164 Dominica
492 3102 565 3181 post
578 3098 695 3163 festum
709 3099 893 3165 Natiuitatis
908 3100 938 3165 S.
955 3100 1077 3166 Mariae
1099 3119 1155 3165 vos
1177 3100 1317 3178 abbates,
1340 3117 1431 3179 prae-

238 3203 343 3286 positi,
365 3204 487 3285 priores
510 3207 543 3267 et
565 3203 835 3268 commendatores
858 3205 1066 3285 personabter
1083 3205 1200 3284 venire,
1224 3208 1280 3269 aut
1295 3203 1374 3267 duos
1390 3202 1430 3266 de

237 3307 386 3374 fratribus
410 3308 623 3391 quorumlibet
651 3310 912 3374 monasteriorum
934 3314 1120 3390 vestrorum,
1150 3310 1279 3393 plenum
1301 3328 1320 3373 a
1342 3307 1430 3373 vobis

238 3412 375 3494 desuper
388 3412 571 3477 mandatum
585 3411 747 3499 habentes,
770 3412 905 3495 Pragam
925 3413 993 3479 sine
1009 3414 1160 3479 dilatione
1175 3413 1316 3496 qualibet
1329 3417 1431 3484 trans-

237 3518 363 3581 mittere
393 3516 543 3581 debeatis.
589 3516 632 3581 Et
661 3516 807 3583 similiter
837 3535 892 3581 vos
921 3519 1064 3600 magistri
1094 3520 1219 3597 civium,
1244 3517 1369 3600 judices
1399 3520 1432 3579 et

148 3665 151 3675 .
233 3620 332 3704 jurati
355 3620 517 3685 civitatum
539 3620 771 3703 praedIctarum
793 3621 873 3686 duos
895 3621 935 3686 de
950 3622 1080 3687 consssio
1104 3622 1272 3705 cujuslibet
1294 3620 1431 3686 civitatis

237 3728 362 3789 vestrae
393 3744 463 3789 eum
492 3725 586 3807 pleno
616 3725 763 3791 mandato
793 3726 834 3791 ad
864 3726 949 3791 dlem
978 3732 1011 3792 et
1038 3728 1143 3792 locum
1171 3726 1359 3808 praedictos
1390 3724 1430 3789 ad

236 3828 385 3893 Nostram
399 3829 451 3895 vel
466 3830 714 3897 consiliariorum
728 3829 917 3895 Nostrorum
931 3832 1142 3913 praesentiam
1157 3831 1316 3897 destinare
1328 3830 1430 3895 modis

236 3933 380 3998 omnibus
403 3933 553 4015 debeatis,
576 3935 770 4001 voluntatem
791 3934 940 4000 Nostram
961 3955 982 3999 a
1002 3934 1102 4001 Nobis
1116 3936 1168 4002 vel
1188 3937 1268 4019 ipsis
1289 3935 1430 4019 plenarie

237 4038 410 4119 audituros,
433 4039 552 4105 nullam
573 4041 606 4105 in
625 4040 807 4122 praemissis
830 4042 955 4122 penitus
977 4040 1201 4122 negligentiam
1223 4039 1428 4107 commissmi.

340 4159 458 4225 Datum
479 4162 512 4224 in
534 4161 701 4243 Burgleins
724 4163 776 4227 die
797 4161 866 4227 XX.
883 4162 1028 4243 Augusti,
1051 4180 1219 4243 regnorum
1241 4162 1428 4226 Nostrorum

238 4282 318 4328 anuo
341 4263 490 4330 Boemiae
512 4264 634 4347 XXVI,
648 4267 860 4331 Romanorum
882 4286 956 4333 vero
978 4268 1055 4332 XIII
1077 4270 1130 4351 (.-.
1146 4268 1239 4346 1388,
1262 4266 1313 4331 20.
1333 4266 1429 4346 Aug.)

342 4404 380 4469 (E
397 4403 457 4457 Ood.
478 4403 561 4470 Cupit.
581 4406 659 4473 Praq.
680 4406 700 4458 I.
718 4408 766 4456 40:
787 4406 910 4473 Puluelcff,
929 4406 1125 4458 Fomelbiicbcr
1143 4406 1178 4458 ll.
1198 4410 1250 4458 130
1268 4409 1301 4473 b).
