3225 5017
528 348 658 422 Gap'Xl.
677 348 729 407 Jus
748 350 898 408 vinearum.
1261 359 1310 410 331

121 543 242 600 Karolus
260 542 446 600 Romanorum
462 543 611 612 imperator
628 558 735 616 semper
753 549 887 613 augustus
905 547 932 598 et
949 543 1058 599 Boemie
1076 559 1134 614 rex,
1152 559 1220 600 suae
1234 545 1311 599 celsi·

122 631 225 687 tudinis
243 632 357 700 litteras,
376 646 491 700 quarum
509 630 680 686 continencia
698 630 731 686 de
749 632 832 687 verbo
850 630 1015 686 adverbum
1033 631 1137 700 absque
1151 632 1224 687 omni
1237 630 1312 687 addi·
1413 655 1416 662 ι

14 754 15 801 3
121 720 199 774 cione
217 725 245 773 et
262 718 444 773 diminucione
461 718 652 788 praesentibus
664 719 799 790 inscripta
811 725 862 788 est,
875 734 959 789 super
976 718 1062 773 vineis
1082 719 1115 772 de
1133 734 1204 775 novo
1215 719 1245 774 in
1263 735 1313 774 suo

122 821 206 876 regno
224 806 337 861 Boemia
354 806 542 862 instaurandis
561 812 588 861 et
608 807 772 875 excolendis,
790 805 916 862 omnibus
933 811 960 860 et
972 805 1086 874 singulis
1099 805 1209 860 easdem
1221 805 1314 861 vineas

123 893 247 948 excolere
265 898 293 947 et
311 893 453 949 elaborare
480 894 632 948 volentibus
658 896 709 950 sub
732 894 814 950 certis
836 893 953 962 juribus,
970 892 1141 947 libertatibus
1166 899 1193 948 et
1216 892 1314 963 graciis

123 980 209 1049 dedit,
225 980 375 1049 assignarit
393 987 421 1036 et
433 979 560 1035 tradidit:
578 982 617 1035 ita
634 997 685 1038 nos
697 982 771 1036 bona
783 987 878 1036 nostra
890 978 944 1035 fide
956 980 1138 1050 promittimus
1151 985 1179 1036 et
1187 980 1312 1035 volumus

124 1074 151 1123 et
168 1069 257 1123 nostri
275 1083 448 1124 successores
468 1066 568 1123 debent
586 1084 680 1123 omnes
698 1073 726 1122 et
744 1067 876 1136 singulos,
901 1065 948 1135 qui
965 1064 1052 1120 dictas
1070 1065 1165 1122 vineas
1183 1066 1316 1121 coluerint
1412 1129 1415 1136 1

124 1171 174 1211 seu
191 1156 279 1210 cultas
297 1156 419 1224 emerint,
437 1154 584 1222 tenuerint,
601 1153 746 1209 habuerint
763 1160 791 1207 et
814 1152 996 1222 posscderint,
1019 1153 1049 1206 in
1068 1153 1182 1222 iuribus,
1205 1153 1313 1208 liberta·

123 1242 197 1298 tibus
215 1249 243 1298 et
260 1243 358 1312 graciis
375 1243 403 1296 in
421 1243 476 1296 iam
494 1242 559 1296 dicti
577 1240 679 1296 domini
696 1241 784 1297 nostri
800 1240 972 1310 imperatoris
991 1245 1018 1294 et
1034 1240 1162 1296 Boemiae
1179 1241 1251 1310 regis
1268 1240 1311 1295 lit-

123 1331 190 1386 teris
215 1331 383 1401 expressatis
410 1336 437 1384 et
462 1330 598 1386 contentis
624 1336 718 1384 tenere
746 1334 773 1384 et
798 1328 997 1397 inviolabiliter,
1025 1334 1156 1397 quantum
1181 1327 1210 1381 in
1236 1328 1315 1382 nobis

124 1416 214 1485 fuerit,
239 1418 378 1489 perpetuis
405 1417 573 1488 temporibus
600 1431 771 1471 conservare.
797 1415 859 1470 Hoc
884 1413 1053 1470 addicientes
1085 1413 1218 1486 specifice,
1242 1413 1315 1484 quod

124 1521 220 1560 omnes
239 1513 266 1559 et
283 1505 383 1574 singuli
401 1505 524 1559 concives
543 1504 640 1572 nostri,
662 1503 709 1572 qui
733 1502 820 1557 dictas
843 1502 938 1557 uncas
964 1502 1096 1556 coluerint
1121 1518 1153 1556 ac
1171 1502 1258 1556 cultas
1276 1509 1314 1556 te-

124 1593 235 1647 nuerint
252 1598 279 1647 et
296 1593 450 1659 habuerint,
477 1592 533 1646 sint
559 1597 586 1646 et
610 1607 671 1646 esse
694 1588 812 1644 debeant
835 1590 989 1646 acollectis
1014 1605 1063 1645 seu
1080 1589 1203 1658 losnngis
1228 1595 1255 1643 et
1279 1589 1314 1644 ab

125 1680 187 1734 aliia
214 1679 380 1758 quibuslibet
408 1677 564 1750 praedictae
587 1677 704 1732 civitatis
727 1677 873 1748 Pragensis
897 1678 1026 1734 oneribus
1050 1683 1078 1732 et
1106 1677 1317 1747 gravaminibus,

124 1773 258 1837 quantum
275 1766 311 1820 ad
327 1767 403 1837 ipsas
422 1766 516 1821 uncas
535 1772 562 1821 et
580 1782 673 1820 earum
690 1765 794 1822 fructus
823 1781 871 1820 seu
894 1771 1044 1836 proventus
1069 1764 1212 1834 duntaxat,
1237 1763 1316 1820 liberi

126 1862 258 1926 perpetuo
278 1861 305 1909 et
323 1854 450 1924 exempti.
1110 1921 1113 1930 ι
1365 1919 1368 1929 ῃ

229 1942 343 2010 Harum,
361 1942 460 2011 quibus
479 1941 598 2010 sigillum
616 1940 789 2011 supradictae
814 1940 930 1996 civitatis
949 1945 1060 1996 nostrae
1078 1939 1112 1996 de
1129 1948 1203 1996 certa
1220 1945 1315 1996 nostra

126 2028 243 2084 sciencia
261 2044 412 2099 appensum
430 2034 482 2097 est,
498 2029 654 2084 testimonio
672 2028 834 2082 litterarum.

228 2133 331 2187 Datum
350 2131 394 2188 die
417 2130 558 2188 divisionis
582 2134 723 2188 beatorum
747 2133 935 2204 apostolorum
953 2149 1026 2189 anno
1050 2131 1152 2189 domini
1170 2131 1313 2189 millesimo

125 2221 316 2276 trecentesimo
335 2219 560 2291 quinquagesimo
578 2226 677 2276 nono.“

584 2308 687 2375 (Vareia
706 2309 856 2378 tomice.)

229 2450 285 2535 My
306 2449 457 2515 Nicolaus
478 2449 643 2530 Reinbote,
672 2450 809 2534 rychtai,
843 2449 1004 2518 Johannes
1026 2450 1234 2533 Lautmericz,
1261 2451 1316 2516 Ul-

127 2556 213 2622 1icus
240 2555 377 2635 Grottcu
406 2552 595 2620 Wolielinus
618 2553 736 2636 Galicz,
768 2555 931 2623 Johannes
953 2556 1040 2637 Rost,
1075 2555 1191 2622 Matios
1212 2555 1315 2637 Bessi,

127 2659 288 2726 Seidlinus
311 2658 447 2741 Ottonis,
479 2659 639 2726 Walterus
662 2659 788 2742 Gablor,
823 2660 969 2728 Johlinus
992 2660 1144 2740 Juuossii,
1173 2657 1316 2726 Jeclinus

126 2763 267 2830 salmani
298 2763 418 2845 lezmk,
452 2764 570 2828 Martin
595 2763 786 2846 Vovilkuov,
822 2764 917 2831 Jesco
946 2765 1125 2831 Piibramer
1164 2784 1183 2829 a
1212 2763 1316 2829 Frena

127 2869 259 2936 Seidlini
281 2889 298 2933 z
320 2868 446 2949 Pieska,
469 2868 609 2950 konsble,
643 2867 800 2934 Nikolaus
823 2868 987 2954 Znoymer,
1010 2869 1209 2934 Bouurlavn
1233 2868 1317 2933 Mili-

128 2972 208 3054 ilna,
236 2973 367 3039 Kourad
396 2973 523 3039 kramel
551 2994 569 3038 z
597 2971 794 3055 Nornberka,
825 2973 993 3040 Mertlinus
1023 2973 1150 3039 kramti
1178 2971 1317 3057 zHory,
1404 3011 1406 3016 ·

126 3078 314 3163 Zilbircejgr
331 3077 505 3144 aJeslinus
527 3077 691 3160 Rothonis‚
713 3078 852 3162 pltsetnt
874 3078 1014 3159 kondble,
1037 3099 1056 3143 a
1079 3077 1216 3144 riechna
1239 3078 1316 3143 obeo

127 3181 326 3249 mebtdnindv
348 3182 501 3249 thdiebo
531 3184 633 3249 mista
661 3183 851 3264 Proiskebo,
886 3188 1080 3267 wantvamy
1108 3204 1127 3249 a
1157 3182 1198 3248 lie
1219 3181 1316 3247 vbich

126 3288 185 3354 tak
206 3287 383 3372 nynieJitch
409 3287 485 3371 Jako
514 3288 672 3354 buducich
701 3289 855 3354 animasti
883 3288 1017 3373 itdtmy
1046 3287 1219 3370 piivcdenu
1249 3284 1316 3369 opti

128 3393 240 3458 tiemto
262 3393 386 3458 liutem:

231 3480 276 3564 Ze
293 3497 390 3581 jakoi
408 3497 475 3581 jest
495 3496 712 3581 piinajvyibie
733 3497 846 3564 knieie
861 3516 881 3562 a
895 3501 958 3580 pan
983 3496 1041 3564 nab
1062 3497 1230 3582 milostivy,
1254 3515 1317 3580 pan

127 3601 238 3684 Karel,
261 3585 395 3686 iltmsky
428 3601 539 3684 ciesai,
573 3620 614 3685 po
644 3602 700 3668 vse
730 3600 804 3685 basy
833 3602 1036 3668 rozmnoiitel
1065 3601 1138 3682 use,
1172 3583 1318 3684 aCesky

126 3708 207 3790 kral,
229 3727 247 3772 z
271 3711 327 3775 sve
348 3707 524 3775 velebuosti
553 3707 637 3791 listy‚
664 3707 783 3790 jicbnto
806 3707 894 3773 slovo
924 3708 966 3773 od
988 3707 1085 3788 slova,
1117 3707 1195 3772 bene
1216 3706 1315 3773 vicho

127 3811 303 3897 piidindnie
333 3831 353 3878 a
375 3813 557 3879 umenienie
587 3811 734 3878 vtechto
762 3811 878 3879 listeoh
899 3817 1039 3895 vepstno
1063 3812 1137 3897 jest,
1171 3830 1212 3879 na
1233 3811 1318 3877 vinic

128 3934 229 3984 nuova
250 3938 271 3984 v
293 3921 381 3984 svem
403 3917 577 3984 kralovstri
601 3898 736 3983 dealem
759 3917 893 3998 delanio,
919 3916 1007 3983 viem
1029 3937 1049 3983 a
1070 3917 1214 4001 kaidym,
1244 3916 1317 3981 ktoi

127 4023 170 4107 by
192 4026 227 4107 ty
249 4023 353 4089 vinici
376 4022 474 4088 delati
497 4022 589 4103 chael,
612 4023 677 4106 pod
695 4022 818 4108 jisty'mi
835 4027 943 4106 pravy,
967 4021 1150 4088 svobodami
1166 4022 1218 4087 dul
1236 4022 1316 4106 jest:

127 4128 203 4194 take
225 4148 277 4213 my
308 4126 408 4194 debui
440 4127 511 4192 nait
540 4127 618 4194 viru
651 4127 818 4212 slibujemy
840 4146 859 4192 a
882 4126 1020 4210 chcemy,
1051 4147 1070 4192 a
1098 4127 1168 4193 nabi
1201 4125 1319 4193 buddei

128 4233 214 4316 maji,
248 4232 386 4317 rbbchny
408 4251 428 4298 a
450 4230 602 4314 kaideho,
633 4231 735 4297 uteru
757 4232 798 4316 by
821 4236 855 4317 ty
873 4232 951 4318 jiste
973 4232 1076 4298 vinici
1099 4230 1196 4296 delali
1218 4228 1318 4297 anebo

131 4337 244 4403 delane
265 4336 368 4419 luipili
390 4337 462 4420 aj0
485 4335 583 4402 dribli
604 4336 713 4420 ajimi
735 4337 843 4418 vleub,
865 4356 886 4403 v
908 4336 1067 4422 praviech,
1099 4334 1319 4404 svobodacha

129 4442 305 4525 milostech,
324 4440 465 4508 ktereito
480 4463 501 4508 v
516 4440 624 4508 diieve
638 4440 794 4508 iddenebo
808 4446 891 4524 pana
906 4442 1035 4524 nabebo,
1059 4441 1180 4508 ciesaie
1195 4460 1214 4506 a
1228 4441 1317 4507 krtle
