3225 5017
300 296 351 345 246
733 287 799 358 Cap.
816 287 863 342 IX.
880 286 1059 344 Universitas.

299 483 419 562 dentes,
452 480 510 548 filii
531 481 685 549 nobilium
717 484 750 546 et
778 479 956 569 principum
985 497 1023 545 ac
1051 476 1185 562 praelati
1215 477 1417 544 ecclesiarum
1449 477 1488 542 de
1571 533 1572 548 2

299 586 437 654 diversis
458 586 568 654 mundi
590 586 742 670 partibus.
1134 599 1251 664 (Beana
1268 600 1300 652 ue
1323 597 1453 664 Wacmtr.)
1570 589 1572 704 p

404 777 496 844 1370.
520 777 564 844 Et
585 775 753 844 dilatatum
775 778 825 841 est
845 775 951 857 ipsum
966 771 1112 840 Studium
1135 771 1322 858 (Pragense)
1339 776 1371 837 et
1387 771 1488 838 divul-

299 886 407 964 gatum
428 883 461 947 in
483 881 629 949 omnibus
650 880 794 964 partibus
817 881 849 945 11
870 878 965 944 terris
988 877 1215 960 adiacentibus,
1250 896 1287 942 eo
1316 877 1401 958 quod
1427 875 1488 942 Im·
1571 895 1572 972 ᾗ

298 988 427 1070 perator
448 983 595 1066 diligeret
617 1001 672 1049 eos
695 987 728 1048 et
749 982 941 1066 specialibus
970 980 1132 1048 iavombus
1162 982 1290 1048 eosdem
1318 999 1488 1064 proseque-

297 1094 393 1156 retur.
417 1088 463 1154 Ut
483 1092 590 1154 autem
612 1107 650 1155 oo
679 1087 853 1154 ferventius
883 1085 1048 1152 studerent
1080 1087 1244 1153 studentes
1278 1085 1382 1153 Stadii
1414 1085 1489 1150 Pra-

299 1194 415 1276 gensis‚
449 1211 511 1276 quo
545 1193 758 1259 assentirent
789 1193 824 1257 in
856 1191 998 1276 proximo
1029 1190 1070 1257 ad
1099 1187 1253 1259 beneficia
1281 1194 1488 1274 promotores,

298 1297 377 1363 iecit
397 1301 430 1362 et
451 1298 519 1363 suis
541 1295 738 1364 confirmavit
758 1297 874 1363 litteris
896 1295 1080 1380 Imperator,
1111 1299 1148 1361 ut
1169 1295 1210 1362 ad
1236 1295 1434 1379 praelatrmas
1459 1298 1491 1360 et

298 1402 496 1485 praebendas
518 1402 674 1468 ccclesiae
695 1419 752 1467 sen
775 1401 916 1485 capellae
937 1401 1055 1484 regalis
1078 1399 1227 1466 Omnium
1249 1399 1435 1466 Sanctomm
1457 1399 1488 1463 in

175 1493 179 1504 ’
299 1509 404 1572 castro
425 1506 577 1589 Prcgensi
598 1525 657 1590 per
678 1523 878 1572 successores
900 1523 985 1588 suos,
1015 1523 1107 1588 reges
1136 1505 1296 1586 Boemiae,
1326 1505 1488 1589 perpetuis

298 1611 494 1695 temporibus
516 1629 578 1677 non
599 1614 878 1695 praesentarentur
899 1609 954 1675 alii
980 1627 1076 1693 quam
1103 1609 1246 1692 megisti
1276 1608 1317 1676 de
1350 1608 1489 1692 Collegio

300 1715 496 1782 studentium
518 1715 621 1782 Stadii
643 1715 821 1798 Pragensis.
867 1713 910 1780 Et
934 1714 983 1780 illi
1006 1715 1179 1795 dumtaxat
1203 1713 1236 1779 11
1261 1731 1324 1779 non
1353 1714 1418 1795 alii,
1451 1713 1490 1778 ad

299 1819 481 1904 hujusmodi
502 1817 656 1887 beneficia
676 1820 886 1886 instituuntur
908 1837 947 1885 ex
970 1819 1173 1886 concessione
1202 1819 1291 1902 regin
1320 1821 1354 1884 et
1382 1816 1490 1884 confir-

300 1929 433 1991 mantur.
479 1924 523 1990 Et
544 1925 626 1990 dom.
648 1942 734 2007 papa
755 1923 904 1990 Urbanus
924 1921 974 2005 V„
997 1924 1080 1990 hanc
1102 1921 1333 1990 ordinationem
1354 1923 1489 1988 11111111

301 2029 368 2094 suis
391 2028 583 2112 specialibus
605 2027 780 2111 privilegiis
806 2026 1003 2094 confirmavit
1035 2033 1069 2095 et
1097 2027 1328 2095 observandum
1357 2026 1490 2092 sancivit

300 2134 461 2216 perpetuis
483 2133 680 2216 temporibus
703 2133 867 2198 secuturis.
1128 2149 1244 2217 (Baua.
1263 2150 1297 2202 cc
1319 2147 1449 2214 171111.)

405 2306 568 2372 Primae
590 2298 843 2372 dotationes.

404 2409 497 2494 Epyk
519 2410 560 2476 de
582 2408 716 2475 Hradku
742 2411 936 2493 protestatus
967 2413 1017 2476 est
1047 2427 1151 2478 coram
1180 2409 1391 2478 beneficiariis
1417 2409 1490 2476 Pra-

302 2515 460 2597 gcnsibus,
495 2514 580 2598 quod
613 2513 808 2580 hereditates
839 2531 913 2580 suas
945 2513 979 2580 in
1008 2513 1168 2599 Brocznye
1199 2517 1318 2583 curiam
1347 2520 1490 2582 araturae

302 2637 373 2685 cum
395 2618 491 2684 curiis
513 2617 727 2699 rusticahbus
749 2618 783 2683 in
806 2615 1040 2684 Ghudolaaiech
1063 2619 1218 2704 quidquid
1239 2621 1285 2688 ibi
1306 2620 1427 2702 habuit,
1457 2620 1488 2685 in

300 2723 448 2805 Zalezlih
478 2722 634 2807 quidquid
655 2722 776 2804 habuit,
804 2723 839 2788 in
864 2721 996 2789 Borowa
1017 2723 1120 2790 Lhota
1140 2724 1258 2806 villam,
1290 2725 1323 2790 in
1345 2723 1486 2790 Wessela

300 2827 402 2893 Lhota
424 2828 532 2894 villam
548 2845 620 2894 cum
642 2826 737 2910 agris,
759 2826 871 2910 pratis,
891 2827 990 2909 silvis,
1013 2829 1100 2910 rivis,
1123 2829 1264 2912 piscinis,
1287 2829 1489 2912 omnibusque

301 2932 368 2996 suis
389 2932 588 3014 pertinentiis
610 2936 644 2998 et
665 2929 808 3015 qualibet
829 2934 975 3001 libertate
1001 2933 1043 2999 ad
1065 2953 1104 3000 ea
1133 2936 1319 3018 pertinente,
1350 2931 1490 3000 vendidit

300 3035 426 3101 domino
447 3034 583 3101 Amesto
604 3035 774 3118 Progensis
797 3038 951 3104 ecclesiae
974 3038 1212 3122 archiepiscopo
1235 3044 1268 3106 et
1282 3039 1349 3105 suis
1364 3055 1486 3104 succes·

302 3141 436 3221 sonibus,
470 3140 656 3206 cancellario
690 3143 908 3209 universitatis
941 3142 1110 3226 Pragensis
1148 3141 1251 3210 Stadii
1286 3141 1488 3227 privilegiati,

303 3245 418 3310 ementi
441 3244 527 3310 dicta
548 3244 630 3311 bona
652 3245 694 3311 ad
716 3265 809 3314 usum
832 3245 935 3315 Studii
957 3247 1127 3331 Pragensis
1154 3247 1318 3332 praedicti,
1348 3247 1411 3314 uid.
1434 3265 1489 3330 pro

303 3348 418 3413 solario
441 3348 613 3430 doctorum,
644 3349 867 3432 magistrorum
896 3356 929 3417 et
961 3353 1095 3418 chorum
1116 3353 1288 3435 legentium
1316 3353 1351 3417 in
1383 3350 1490 3416 Studio

305 3450 476 3534 praedicto,
499 3470 556 3534 pro
580 3452 644 3520 700
658 3471 723 3520 sen
740 3473 839 3537 gross.
864 3455 935 3524 den.
958 3455 1062 3540 Prag.,
1086 3474 1165 3540 quas
1188 3457 1333 3522 dominus
1355 3455 1488 3522 Karalus

300 3555 472 3639 imperator
492 3555 581 3623 Rom.
606 3561 639 3622 et
660 3557 811 3625 Boemiae
833 3579 889 3626 rex
904 3579 941 3625 ac
957 3561 1116 3643 collegiati
1136 3565 1309 3628 conventus
1323 3560 1489 3644 Pragensis

300 3659 436 3727 diocesis
458 3678 516 3744 pro
537 3661 726 3730 solariendis
748 3663 931 3731 doctoribus
961 3668 994 3730 et
1014 3665 1175 3749 magistris
1205 3663 1310 3733 Studii
1339 3665 1490 3750 praedicti

301 3765 538 3833 contribuerumt
560 3769 619 3833 etc.

403 3869 479 3937 (nat.
497 3887 551 3924 cur.
566 3879 628 3936 port
645 3875 721 3926 1360.
740 3898 775 3912 —
794 3871 833 3940 (ιγ.
852 3873 978 3939 Dipdomc
997 3873 1086 3927 Garuli
1104 3875 1165 3928 dcto.
1184 3873 1406 3944 Prapaa,1358.)

403 4025 465 4091 Pro
486 4031 578 4110 parte
599 4028 833 4097 honorabilium
855 4030 985 4096 11111111
1009 4035 1042 4097 11
1065 4033 1233 4100 scolarium
1261 4031 1366 4100 Studii
1392 4031 1488 4098 Gene-

301 4130 376 4196 ralis
400 4131 538 4198 civitatis
559 4132 695 4200 Nostrae
716 4134 889 4218 Pragensis
911 4135 972 4201 11111
993 4137 1156 4204 humihter
1170 4139 1393 4222 supplicatum,
1416 4155 1489 4220 qua·
1567 4201 1568 4228 ζ

300 4242 393 4302 tenus
423 4254 495 4302 cum
526 4237 632 4321 ipsum
661 4237 809 4306 Studium
829 4241 996 4308 nonnullos
1026 4242 1178 4325 homines,
1208 4244 1291 4311 bona
1312 4247 1346 4310 et
1366 4241 1488 4327 jnrain
1567 4231 1568 4234 '

301 4340 386 4406 villis
415 4345 448 4406 et
478 4340 623 4409 villarum
653 4344 796 4446 terminis
828 4328 861 4396 in
891 4345 1041 4428 Bronten,
1074 4347 1265 4434 Ohudolaap‚
1295 4369 1323 4416 w
1346 4349 1485 4426 Zalealie
