3225 5017
341 300 406 371 Cap.
424 302 445 357 Ι.
463 301 518 357 Res
536 301 572 357 ad
589 303 666 373 regni
685 302 948 359 administrationem
967 308 1132 375 spectantes.
1303 310 1336 359 17

141 492 249 565 inipso
267 481 358 549 castr'o
375 500 470 550 nostro
489 493 624 549 Glacensi.
641 493 705 549 Non
723 492 825 549 debent
841 495 936 565 uigiles
953 495 1007 565 ipsi
1025 496 1124 550 arctari
1148 494 1184 550 ad
1202 512 1272 567 opus
1291 497 1339 570 ali-

142 578 216 651 quod
232 586 282 635 aut
297 582 419 636 laborem
436 580 490 635 nisi
508 578 544 636 ad
561 576 716 637 molendum
734 582 856 637 brasium
880 588 908 636 et
925 580 1104 637 braxaudum.
1138 582 1260 637 Possunt
1278 570 1346 637 suc?

142 668 231 725 cidere
249 677 277 725 et
295 668 427 724 deducere
444 667 578 739 lignorum
598 669 682 723 silvae
700 676 812 725 nostrae
829 674 935 740 partem
959 668 1079 738 aliquem
1104 686 1154 740 pro
1172 662 1337 726 necessitate

140 772 254 813 suorum
271 753 441 810 iamrrlorum.
465 755 568 825 Vigiles
586 756 640 826 ipsi
658 756 796 826 burgravii
814 755 948 811 duntaxat
966 762 994 811 et
1011 773 1067 810 non
1085 756 1198 811 alterius
1217 756 1278 813 sisti
1292 757 1337 825 ju-

141 843 211 898 dicio
236 847 371 898 tenentur.
411 842 534 898 Possunt
557 843 640 897 etiam
663 843 799 897 civitatem
829 850 952 899 nostram
978 843 1058 897 Glacz
1084 859 1145 897 cum
1169 844 1337 914 cuspidibus,

141 930 239 1001 gladiis
259 935 286 984 et
304 929 420 985 cultellis
437 930 540 985 intrare
558 946 610 985 nec
626 936 739 1001 propter
756 930 809 984 hoc
826 945 874 985 eos
892 929 973 985 liceat
990 930 1143 1000 pignorare
1153 936 1203 986 etc.

244 1034 359 1090 Carolus
380 1049 430 1089 rex
449 1034 531 1089 Glacz
554 1041 673 1090 castrum
698 1052 715 1089 a
738 1052 823 1105 regno
846 1051 902 1091 non
926 1034 1100 1091 alienandum
1123 1052 1185 1091 esse
1209 1036 1336 1093 decrevit

141 1121 217 1192 (Mat.
237 1121 309 1191 car.)
1237 1131 1239 1135 “

247 1302 271 1351 3.
291 1294 452 1351 Castrum
471 1297 713 1369 Frustenberg
731 1300 815 1367 (178),
832 1303 906 1352 recte
918 1298 1102 1367 Ftirstenberg
1113 1298 1291 1367 nominatum,
1308 1300 1337 1353 in

141 1382 318 1440 orientalibus
329 1383 458 1439 Boemiae
471 1401 567 1441 versus
575 1385 727 1441 Moraviam
742 1385 843 1441 finibus
855 1401 942 1455 prope
954 1384 1089 1439 ciuitatem
1101 1385 1240 1439 Polibkam
1253 1393 1338 1456 supra

142 1470 232 1526 uillam
250 1470 426 1537 Svojanov
444 1472 535 1540 situm,
553 1489 578 1527 a.
598 1478 664 1527 1285
683 1480 725 1527 23.
743 1473 802 1527 Οο1.
821 1488 838 1527 a
854 1488 918 1541 rege
935 1470 1098 1527 Weuceslao
1116 1472 1151 1526 II.
1169 1459 1336 1528 baroui'Za-

140 1558 232 1613 wissio
256 1556 290 1612 de
308 1558 486 1613 Falkenstein
511 1575 571 1613 oum
595 1560 703 1617 civitate
721 1559 842 1628 Polidlra,
867 1565 957 1615 castro
976 1558 1154 1628 Landesberg
1178 1565 1205 1614 et
1228 1559 1337 1616 civitate

138 1645 300 1701 Landscron
326 1644 490 1701 hereditarie
518 1662 686 1716 concessum,
718 1653 783 1718 post
806 1647 930 1704 Zawissii
957 1652 1070 1701 mortem
1097 1663 1157 1700 oum
1181 1646 1337 1701 civitatibus

138 1732 259 1800 Polibka,
283 1730 470 1801 Landescron,
493 1734 572 1789 Muta
596 1741 646 1790 etc.
669 1741 780 1790 etcum
802 1734 999 1789 munitionibus
1017 1732 1203 1802 landesberg,
1226 1733 1337 1789 Hohen-

138 1820 218 1889 stein,
235 1818 374 1875 Fbiderico
393 1821 543 1877 marchioni
554 1822 690 1878 Misnensi
702 1828 729 1877 et
740 1821 859 1893 principi
875 1827 965 1875 terrae
977 1809 1109 1874 Lusatiae
1126 1820 1336 1889 permutationis

137 1907 248 1962 nomine
266 1907 395 1961 oblatum.
414 1906 493 1975 (Eml.
511 1908 577 1979 Reg.
594 1908 629 1963 Il.
649 1914 725 1977 1358,
743 1912 832 1979 1467).
848 1909 881 1962 ln
894 1907 1028 1962 Chronico
1040 1907 1114 1962 Petri
1126 1906 1335 1963 Zbraslauensis

138 1993 174 2048 ad
193 2010 217 2048 a.
236 2000 304 2049 1287
327 2001 553 2050 commemoratur
574 2001 703 2063 castrum,
726 1994 801 2063 quod
819 1994 1008 2063 Vurstenberg
1025 1993 1131 2048 dicitur.
1166 1992 1249 2049 Roku
1267 2000 1334 2049 1413

137 2082 200 2135 kral
217 2081 334 2136 Veoslav
350 2080 398 2137 IV.
421 2081 568 2137 Echartoui
590 2100 606 2136 n
628 2083 770 2137 Kunitatu
793 2083 890 2151 zapsal
913 2081 979 2136 dluh
1003 2098 1039 2151 po
1063 2080 1204 2135 markrabi
1227 2080 1335 2136 Joitori

137 2174 242 2223 v3000
263 2169 291 2224 k.
308 2184 348 2239 gr.
371 2185 408 2224 na
431 2168 501 2223 brad
518 2168 597 2240 Novy
615 2169 701 2238 Hrad,
720 2169 890 2239 jmenovany
906 2168 1123 2235 Frucbtenberlr‚
1146 2184 1164 2221 a
1186 2183 1224 2221 na
1246 2170 1336 2223 mesto

136 2237 269 2312 Conberk.
299 2256 392 2324 (Arcb.
411 2255 433 2311 Ι.
451 2259 522 2326 537.)
551 2256 584 2313 R.
603 2263 669 2312 1421
688 2258 855 2328 vykoupena
871 2255 976 2310 aavada
998 2261 1058 2311 tato
1083 2256 1164 2310 skrze
1182 2255 1260 2310 krale
1278 2256 1334 2325 Sig-

136 2342 239 2399 munda
257 2344 307 2411 (lb.
323 2346 403 2414 538.).
427 2344 553 2401 Castrum
572 2360 589 2399 a
605 2361 689 2415 regno
708 2361 764 2399 non
782 2342 964 2399 alienandum.

240 2524 265 2574 4.
280 2518 441 2573 Castrum
456 2518 675 2575 Licbtenbur
682 2537 699 2589 g
712 2520 794 2588 (213),
813 2524 933 2573 castrum
944 2517 1144 2573 nobilissimum
1155 2516 1334 2573 inMontibus

136 2607 177 2663 sic
189 2605 268 2661 dictis
280 2606 389 2662 Ferreis
407 2623 425 2661 a
442 2606 551 2663 domino
565 2608 683 2663 Smilone
701 2608 773 2661 circa
784 2622 887 2661 annum
900 2612 965 2661 1251
985 2603 1132 2661 conditum.
1148 2605 1182 2660 ln
1199 2604 1335 2660 chronicis

136 2700 164 2748 et
181 2691 376 2764 diplomatibus
394 2696 489 2751 crebro
507 2702 733 2751 commemoratur
754 2709 889 2749 unacum
907 2693 1129 2764 possessoribus:
1166 2698 1231 2747 1251
1251 2692 1333 2747 Smilo

136 2778 171 2834 de
190 2780 400 2836 Lvochtenburc
425 2781 500 2850 (Erb.
517 2782 584 2851 Reg.
601 2780 623 2838 1.
648 2784 734 2851 1279.)
768 2787 837 2837 1254
852 2781 936 2837 Smilo
960 2780 994 2835 de
1011 2779 1230 2835 Luchtemburch
1254 2779 1334 2847 (Eml.

135 2866 202 2937 Reg.
216 2867 251 2924 11.
264 2871 328 2939 41.),
343 2874 411 2923 1287
421 2869 567 2925 Heinricus
581 2868 803 2938 (Heinmannus),
815 2869 906 2936 Smilo,
917 2867 1026 2922 Ulrious
1039 2866 1213 2935 (Ulmannus)
1226 2882 1333 2921 necnon

138 2953 328 3011 Reinmundus
351 2957 473 3026 germani
496 2958 596 3011 iratres
620 2955 654 3011 de
676 2955 887 3010 Luchtenburch
911 2952 988 3022 (Cod.
1011 2953 1038 3009 J.
1061 2953 1092 3007 B.
1115 2952 1137 3006 I.
1162 2957 1214 3021 7ο).
1256 2953 1334 3007 Circa

139 3057 240 3097 annum
259 3049 432 3101 1831-1334
449 3048 569 3099 castrum
586 3043 799 3113 Leuchtenburg
822 3043 918 3098 usibus
935 3041 1014 3111 regni
1031 3046 1074 3096 est
1091 3041 1262 3110 acquisitum,
1286 3040 1333 3095 do-

136 3128 218 3185 minis
236 3145 254 3185 a
269 3131 481 3201 Leuclrtenburg
500 3138 543 3187 sat
560 3129 766 3187 reluctantibus.
798 3132 881 3185 Anno
900 3136 966 3184 1331
986 3128 1110 3185 loannes
1127 3144 1177 3182 rex
1193 3128 1332 3199 Stephano

135 3222 225 3271 terrae
243 3218 359 3287 notario,
380 3236 430 3290 pro
450 3225 516 3274 tunc
533 3217 677 3289 purcravio
694 3219 723 3273 iu
741 3217 977 3286 Ledchtenbnrch,
995 3223 1023 3271 et
1040 3216 1101 3285 ejus
1120 3216 1333 3276 successoribus,

133 3303 285 3373 purcraviis
301 3303 410 3374 ibidem,
427 3304 576 3374 interdixit,
594 3320 629 3361 ne
647 3305 844 3359 monasterium
862 3305 891 3358 in
904 3305 954 3359 Sar
970 3302 1103 3358 infestent
1119 3308 1215 3358 contra
1229 3303 1332 3373 gratias

134 3390 160 3445 ei
178 3387 316 3459 quondam
333 3407 383 3461 per
400 3393 505 3447 nobiles
525 3393 559 3447 de
575 3391 804 3448 Leuchtenburcb
821 3390 909 3446 iactas
928 3390 1007 3460 (Eml.
1025 3391 1073 3444 HI.
1092 3392 1179 3459 1831.)
1206 3389 1332 3445 Castum

134 3476 330 3546 Lichtemburg
354 3494 370 3532 a
393 3495 477 3549 regno
502 3496 558 3534 non
579 3480 753 3534 alienandum
773 3479 886 3533 Carolus
904 3494 952 3533 rex
975 3477 1152 3549 proclamavit
1165 3477 1242 3546 (Maj.
1260 3478 1331 3546 Car.)

238 3657 264 3707 5.
283 3650 445 3708 Castrum
468 3653 603 3708 Bezdez
629 3655 684 3724 (89)
707 3653 737 3707 in
756 3652 970 3724 septemtrionali
990 3653 1073 3723 plaga
1088 3649 1217 3706 Boemiae
1241 3651 1332 3720 situm,

133 3740 162 3794 in
176 3739 277 3795 vertice
295 3739 421 3795 altissimi
436 3741 536 3797 montis
556 3739 727 3796 aedificatum
739 3740 849 3795 villulae
859 3735 1005 3795 Bezdtdici
1015 3738 1141 3793 deinum.
1157 3736 1240 3792 Teste
1250 3738 1331 3794 Petro

134 3826 332 3882 Zbraslauensi
352 3833 486 3892 „castrum
498 3826 703 3897 fortissimum“,
720 3828 749 3882 in
767 3844 821 3898 quo
839 3826 1028 3896 Wenceslaus,
1041 3825 1151 3894 juvenis
1169 3823 1242 3879 fflius
1259 3827 1331 3895 regis

134 3913 250 3968 Otakari
265 3912 301 3967 Il.
319 3928 344 3968 a.
357 3919 433 3982 1278,
450 3913 613 3984 quibusdam
626 3914 679 3969 sibi
690 3915 839 3985 capellanis
856 3922 885 3969 et
901 3914 1010 3969 famulis
1024 3911 1171 3982 adjunctis,
1188 3928 1206 3965 a
1218 3912 1331 3965 marchi-

134 4015 189 4056 one
207 3999 307 4055 Ottone
319 4000 567 4072 Brandeburgensi,
584 4002 631 4072 qui
649 4008 769 4056 castrum
786 4002 876 4072 ipsum
895 4002 1043 4072 obligatum
1061 3999 1180 4067 tenebat,
1196 4015 1247 4069 pro
1265 4005 1331 4058 tem·

133 4102 201 4157 pore
219 4085 368 4142 collocatus
387 4094 438 4142 est,

241 4190 340 4254 ,Istius
359 4189 536 4248 desolationis
556 4198 584 4248 et
600 4190 726 4247 miseriae
744 4207 829 4247 causa
847 4198 891 4247 est
907 4190 1064 4265 praecipua,
1087 4190 1153 4261 quia
1173 4190 1266 4261 plures
1283 4190 1330 4245 ba-

133 4293 216 4332 rones
234 4275 314 4346 plura
332 4276 476 4347 possident
493 4285 583 4335 castra
599 4279 703 4348 regalia
715 4286 743 4334 et
754 4280 813 4350 regi
823 4280 960 4351 repetenti
976 4280 1043 4333 talia
1059 4278 1174 4334 reddere
1186 4276 1330 4347 denegant,

134 4379 204 4432 quae
229 4370 295 4419 sunt
319 4379 376 4419 sua.
413 4366 527 4433 Quando
545 4366 681 4421 Henricus
699 4366 837 4437 Sytaviam
856 4374 906 4421 etc.
927 4366 1086 4435 resignabit,
1108 4371 1175 4420 tunc
1191 4394 1225 4403 -
1241 4364 1330 4419 Potbo

188 4456 263 4500 Codex
276 4458 297 4510 J.
311 4458 336 4501 Β.
351 4460 379 4501 11.
393 4464 413 4502 a.
1176 4456 1191 4504 2

1059 4568 1073 4598 Χ
