3225 5017
568 325 633 408 Gap.
652 325 699 382 IX.
717 325 897 382 Universitas.
1278 329 1330 380 149
1458 319 1461 322 ’

135 523 326 604 possetenus
358 537 552 603 promovere,
586 523 623 585 ut
652 520 796 586 doctores
834 524 867 585 et
902 516 1045 602 magistri
1078 516 1120 582 ad
1151 516 1333 600 hujusmodi

137 623 243 690 Studii
266 625 536 691 conservationem
558 624 702 707 deputati
724 624 776 689 vel
798 622 895 688 etiam
918 620 1102 704 deputandi,
1126 618 1195 685 sine
1217 620 1332 702 quibus
1361 687 1365 693 ,

135 728 244 812 ipsum
276 727 423 794 Studium
456 728 584 795 salubre
616 746 678 794 non
718 731 825 812 potest
852 744 911 792 nec
940 730 1084 809 optatum
1111 725 1220 791 venire
1254 742 1331 808 quo

135 832 310 899 modolibet
330 833 363 898 in
385 832 541 914 effectum,
563 833 597 898 in
620 835 705 898 statu
726 834 895 898 teneantur
919 830 1053 911 decenti,
1080 830 1227 914 quodque
1255 829 1330 895 huic

136 937 245 1002 studio
266 955 304 1003 eo
327 936 493 1004 efficatiori
521 937 590 1002 zelo
611 935 785 1016 intendant,
817 953 880 1017 quo
910 951 946 1000 se
975 935 1059 1000 vitae
1080 933 1331 1000 necessariorum

135 1042 251 1108 maiori
282 1047 450 1124 augmento
484 1041 640 1108 senserint
671 1041 860 1120 consolatos,
890 1038 930 1103 ad
963 1039 1161 1133 praedictum
1190 1037 1331 1102 studium

134 1145 377 1212 instaurandum
403 1150 439 1212 11·
464 1144 528 1212 alia
549 1143 774 1211 Universitatis
805 1161 902 1209 onera
932 1142 1158 1227 supportanda,
1188 1144 1232 1208 60
1264 1159 1329 1207 sex.

135 1251 208 1318 den.
232 1251 322 1335 Prag.
346 1251 428 1318 infra
450 1247 531 1317 duos
552 1268 650 1317 annos
681 1247 910 1332 computandos
939 1246 973 1312 in
1001 1232 1145 1312 terminis
1174 1237 1332 1311 contribu-

138 1355 222 1421 endo
246 1355 323 1422 dare
345 1359 378 1423 et
400 1356 523 1423 solvere
544 1355 758 1438 promittimus
781 1352 859 1419 data
880 1350 944 1418 fide
965 1401 973 1418 .
997 1401 1006 1418 .
1029 1402 1036 1418 .

245 1459 333 1528 (0111.
351 1456 417 1514 Am.
438 1461 529 1514 Tudra
542 1477 573 1525 p.
591 1459 662 1528 543.)

247 1629 340 1700 1370.
374 1634 651 1703 Bibliotheca.
690 1631 866 1716 Imperator
886 1631 1021 1696 multum
1042 1627 1174 1696 affectus
1195 1629 1237 1695 ad
1258 1627 1331 1694 Stu-

138 1737 229 1804 dium
251 1737 406 1804 Gencrale
434 1743 467 1804 et
491 1738 656 1818 studentes
681 1738 714 1802 in
735 1736 847 1819 Praga,
872 1735 1065 1819 comparavit
1082 1753 1139 1817 pro
1166 1733 1191 1800 O
1215 1734 1331 1800 marcis
1456 1816 1457 1819 Ἴ

136 1845 266 1908 centum
288 1846 321 1907 et
342 1842 581 1924 quatuordecim
602 1842 761 1908 volumina
782 1841 934 1907 librorum
958 1857 1067 1906 sacrae
1094 1839 1274 1921 theologiae
1299 1841 1332 1904 et

132 1945 218 2028 juris
251 1945 394 2011 canonici
426 1963 464 2010 ac
493 1946 627 2012 aliarum
649 1944 765 2010 artium
787 1944 989 2024 liberarium;
1024 1943 1078 2026 qni
1108 1943 1181 2009 libri
1204 1942 1333 2008 fuerunt

136 2049 221 2115 dom.
244 2047 405 2116 Wilhelmi
428 2049 540 2116 decani
561 2047 841 2133 wissegradensis,
871 2048 932 2113 hoc
960 2065 1041 2113 anno
1069 2035 1331 2130 defunctiones

135 2153 225 2220 idem
247 2153 280 2220 11
301 2153 458 2222 Auinione
481 2159 514 2220 11
535 2155 568 2220 in
590 2154 661 2220 11111
690 2153 826 2220 diversis
855 2151 965 2218 mundi
994 2152 1138 2235 partibus
1169 2169 1332 2234 compara-

149 2263 249 2325 verat
294 2257 430 2326 Ε111111
462 2258 561 2325 libros
582 2258 713 2324 donavit
741 2256 770 2324 d.
793 2257 872 2341 Imp.
896 2275 953 2341 pro
976 2257 1108 2340 collegio
1137 2255 1333 2323 studentium

135 2365 173 2429 in
195 2362 306 2446 Praga
855 2366 857 2373 “

245 2467 348 2534 (Bacca
366 2467 399 2519 dc
422 2463 541 2520 Wcilmc‘l.
562 2464 600 2530 ty.
614 2464 665 2530 011,
684 2465 808 2534 satrapa
821 2483 853 2531 p.
872 2466 924 2533 97.)

244 2605 387 2672 Forma
408 2605 729 2672 licentiatorum
750 2605 790 2670 in
822 2604 1008 2672 diversis
1041 2604 1330 2672 facultatibus.

137 2711 234 2778 1359.
260 2709 461 2777 latonii.
604 2715 607 2723 '
1022 2712 1024 2716 ’

113 2818 120 2826 “
245 2815 399 2884 Amestus
421 2814 482 2880 Dei
505 2818 538 2880 11
558 2813 751 2898 apostolicae
774 2813 860 2880 sodis
883 2815 987 2897 gratia
1014 2833 1037 2881 s.
1068 2814 1236 2899 Pnagensis
1264 2814 1332 2882 Eae

135 2920 261 3004 AEpus
283 2939 321 2987 ac
342 2919 532 2986 venerabilis
562 2918 780 2985 universitatis
812 2919 1007 2986 studentium
1039 2920 1136 2985 1111111
1164 2919 1333 3003 Pragensis

138 3025 360 3105 cancellarius,
384 3022 551 3089 Universis
565 3023 783 3106 praesentium
797 3024 943 3089 notitiam
965 3024 1121 3090 habituris
1143 3025 1279 3092 salutem
1298 3025 1333 3090 in

136 3131 277 3196 Domino
309 3133 341 3196 et
361 3128 589 3212 ‘praesentibus
617 3126 713 3192 fidem
743 3127 828 3194 dare.
874 3127 920 3194 Ut
940 3129 974 3194 in
995 3128 1057 3196 Dei
1079 3127 1128 3195 Ea
1149 3133 1332 3212 augeantur,

136 3236 197 3320 qui
219 3235 356 3302 ductum
377 3233 490 3300 afferre
512 3235 639 3300 valeant
660 3238 883 3317 opportunum,
906 3233 999 3300 decet
1020 3238 1053 3301 11
1067 3232 1203 3318 expedit,
1225 3239 1262 3299 nt
1276 3233 1333 3315 ill-i,

137 3342 198 3424 qui
220 3325 280 3425 pro
300 3340 510 3424 acquisitione
528 3339 744 3406 scientiarum
772 3339 880 3405 multis
909 3338 1069 3405 laboribus
1098 3339 1220 3404 utiliter
1247 3339 1334 3404 insu-

136 3445 266 3527 darumt,
290 3445 480 3529 specialibus
502 3443 672 3511 honoribus
695 3443 925 3529 praeferantur,
949 3447 1040 3509 utet
1069 3443 1125 3510 alii
1152 3443 1333 3527 hujusmodi

134 3548 281 3634 praemio
302 3551 430 3616 honoris
452 3549 493 3616 ad
514 3549 741 3634 acquirendum
762 3549 897 3616 virtutes
920 3554 953 3615 11
968 3548 1119 3615 scientias
1140 3548 1331 3614 alliciantur.

136 3654 226 3721 Hinc
248 3658 305 3737 est,
329 3656 415 3739 quod
438 3674 510 3721 cum
530 3655 602 3721 hon
625 3655 683 3720 vir.
709 3654 868 3721 Homicus
889 3653 1045 3720 lobannis
1068 3651 1146 3718 dicti
1167 3651 1333 3719 Stcnbonis

138 3760 184 3826 de
212 3760 337 3827 Libsicn
369 3759 589 3828 Olomucensis
622 3759 788 3842 dioecesis,
818 3758 1033 3843 praesentium
1062 3762 1214 3840 ostensor,
1242 3758 1334 3824 nobis

138 3866 176 3930 in
199 3864 324 3931 Christo
347 3866 470 3932 sincere
492 3866 636 3947 dilectus,
665 3883 723 3950 per
754 3869 857 3930 certos
879 3882 989 3930 sacrae
1010 3863 1190 3945 theologiae
1214 3863 1335 3946 profes-

139 3987 232 4036 sores
254 3975 288 4036 11
307 3972 476 4054 magistros
497 3973 531 4037 in
552 3973 668 4038 artium
690 3970 868 4037 liberalium
883 3969 1034 4035 facultate
1048 3968 1178 4053 peritos,
1201 3989 1259 4052 per
1276 3987 1335 4034 nos

139 4075 325 4158 specialiter
347 4078 523 4161 deputatos,
557 4077 599 4143 sit
632 4080 665 4143 et
696 4074 792 4142 1111111
825 4076 932 4143 debito
962 4079 996 4140 ct
1024 4075 1165 4157 rigoroso
1191 4075 1335 4144 examine

138 4182 271 4264 praevio
293 4187 439 4265 repertus
462 4180 620 4249 sufficiens
643 4187 676 4249 11
697 4183 832 4265 idoneus
861 4182 975 4248 decore
1004 4180 1181 4262 magisterii
1212 4186 1334 4264 septem

139 4286 261 4352 artium
281 4287 459 4354 liberalium
481 4288 659 4354 honestari:
685 4288 805 4353 idcirco
834 4306 893 4354 nos
915 4285 1017 4370 ipsius
1046 4284 1266 4352 sufficientiam
1296 4305 1334 4351 ac

164 4391 172 4404 '
205 4396 296 4458 utum
316 4394 430 4459 merita
453 4393 683 4476 quamplurima
705 4393 915 4475 attendentes,
938 4393 1043 4475 ipsum
1064 4392 1098 4456 in
1124 4391 1196 4458 aula
1225 4395 1333 4457 nostra
