3225 5017
422 351 486 421 Gap.
504 352 537 407 V.
555 353 771 412 Metallifodinas
789 313 818 412 ct
834 359 937 413 urbura
953 360 1036 430 regia.
1273 370 1324 419 147

131 547 235 612 omnia
253 547 426 615 liberaliter
442 545 670 629 confirmamus,
694 549 880 618 mandantes
906 552 1070 634 capitaneo
1093 574 1151 622 seu
1168 556 1240 622 aliis
1255 556 1323 623 offi-

131 651 221 716 ciatis
243 655 359 719 nostris
381 654 641 737 quibuscumque,
673 655 726 738 qui
759 673 817 737 pro
847 660 989 740 tempore
1010 658 1135 740 fuerint,
1168 666 1322 742 quatenus

128 858 361 932 Jemmcensem
383 914 390 930 .
416 914 422 929 .
448 915 455 930 .
479 863 605 929 nomine
625 868 794 948 protegant
815 916 823 932 .
848 917 855 931 .
881 916 888 930 .
913 917 920 931 .
971 951 976 956 ,

93 973 95 978 “
233 967 315 1036 (On'q.
334 969 404 1022 arch.
422 968 533 1022 Jamnr'c.
552 967 638 1036 Otptil
661 969 716 1023 VII.
736 970 806 1037 609.)

234 1124 325 1192 1345.
349 1119 402 1192 222
425 1125 505 1208 Aug.
529 1125 666 1194 Karolus
687 1127 790 1194 —de
812 1126 966 1194 fidelitate
981 1132 1014 1194 et
1029 1130 1319 1214 circumspectionis

124 1229 283 1296 industria
304 1230 421 1297 civium
437 1230 662 1313 Iglaviensium
684 1233 854 1315 plurimum
875 1239 1114 1317 praesumentes
1137 1237 1317 1319 statuimus,

36 1419 40 1440 b
126 1335 325 1403 decrevimus
344 1341 377 1402 et
390 1336 554 1420 perpetuis
569 1338 713 1404 volumus
727 1339 923 1422 temporibus
939 1340 1110 1423 observari,
1133 1342 1320 1425 quodcirca

125 1442 189 1524 ipsi
211 1445 245 1506 et
267 1442 378 1508 civitas
401 1442 434 1508 in
456 1441 600 1510 omnibus
623 1443 717 1509 auri
743 1448 783 1509 et
804 1444 969 1526 argenti
992 1463 1049 1511 seu
1067 1446 1198 1513 alterius
1214 1447 1319 1529 cujus·
1439 1470 1441 1479 ³
1548 1431 1572 1507 ὲ

126 1565 250 1630 cunque
279 1547 399 1612 metalli
432 1546 548 1614 fodinis
583 1548 762 1630 ubicunque
796 1551 829 1614 et
861 1549 1106 1633 circumquaque
1138 1571 1158 1617 a
1191 1551 1320 1618 civitate

124 1652 197 1734 ipsa
225 1669 336 1716 versus
359 1651 534 1719 Morariam
558 1653 642 1719 circa
671 1658 806 1736 quatuor
830 1654 968 1721 miliaria
988 1656 1123 1737 repertis
1146 1660 1179 1721 et
1199 1657 1320 1741 reperi-

125 1756 216 1821 endis
239 1760 272 1821 et
293 1757 476 1840 specialiter
503 1759 537 1824 in
566 1758 826 1825 aurifodinis
848 1760 889 1824 in
911 1758 1114 1826 Schicken
1135 1761 1191 1845 jus
1213 1779 1319 1828 emen-

124 1861 254 1926 surandi
285 1861 401 1928 rivium
432 1863 549 1945 laneca,
580 1865 634 1946 qui
663 1865 873 1947 burgerlehen
895 1865 978 1947 vulg.
1009 1866 1166 1947 dicuntur,
1200 1865 1318 1933 habere

38 1997 39 2002 =
124 1965 261 2036 debeant
281 1967 445 2050 perpetuis
466 1968 670 2051 temporibus.

229 2069 310 2140 (orry.
329 2072 400 2125 arch.
418 2071 501 2142 Igloo.
520 2072 621 2129 Stcrnb.
645 2072 707 2128 Urlr.
722 2091 752 2140 p.
770 2074 825 2141 85.)

701 2246 740 2314 H.

499 2367 697 2458 Argentaria
718 2391 816 2456 ereper-
837 2367 936 2435 Maca.

228 2521 281 2612 (ia.
307 2544 398 2612 1188.
430 2545 611 2613 Fiiderious
642 2547 705 2612 dux
735 2546 885 2629 hospitali
912 2545 1176 2630 ierosolymitano
1206 2544 1236 2612 S.
1259 2545 1315 2611 Jo-

122 2652 213 2716 annis
239 2650 318 2734 „XII
339 2669 461 2718 marcas
492 2653 614 2733 argenti
644 2650 811 2718 solvendas
842 2650 883 2716 de
904 2650 1084 2731 argentaria
1105 2668 1202 2733 super
1223 2649 1315 2716 Mzea

121 2756 154 2820 in
176 2756 229 2821 die
250 2755 453 2821 Ascensionis
476 2756 603 2821 Domini
623 2757 696 2840 jure
718 2754 929 2821 hereditari0“
955 2754 1017 2820 dat

226 2858 300 2926 (nrt.
318 2857 380 2927 Ray.
399 2859 421 2914 I.
438 2861 498 2912 396.
517 2888 550 2898 -
568 2859 717 2913 Hodr'ardom
735 2858 828 2912 civitas
845 2858 955 2912 Mra:
965 2857 1084 2923 strom.)

704 3031 728 3098 Ι.

474 3151 739 3241 Arqcrrtifodinoe
761 3151 962 3240 Iplooiorrscs.

225 3330 279 3398 Ca.
306 3330 398 3397 1249.
422 3329 443 3394 J
451 3347 497 3394 us
519 3333 801 3398 montanorum
823 3329 865 3395 in
886 3329 1059 3412 Iglavia.
1106 3327 1196 3413 (God.
1219 3327 1249 3393 J.
1273 3327 1309 3394 B.

121 3435 144 3501 Ι·
170 3435 317 3606 1141⁸)249.
340 3539 409 3605 Rex
431 3539 637 3605 Weneeslaus
658 3539 682 3604 I.
710 3539 813 3620 „rues
836 3539 932 3605 etiam
947 3539 1060 3622 impios
1077 3537 1210 3622 (peritos
1219 3536 1248 3620 ?)
1271 3537 1311 3602 de

123 3645 244 3712 Gihlaw
274 3644 364 3710 duxit
393 3648 426 3709 et
454 3643 617 3710 machinas
645 3644 752 3727 plures
783 3647 892 3717 contm
920 3645 1029 3710 urbem
1059 3643 1092 3727 (i.
1120 3662 1147 3708 e.
1172 3646 1311 3709 castrum

121 3750 291 3834 Pragense)
319 3749 436 3815 erexit‘
462 3747 579 3834 (Cosm.
606 3747 718 3831 Oont).
741 3749 875 3814 -Rex
905 3748 1003 3813 multo
1033 3749 1171 3814 mactatu
1200 3745 1309 3812 habito

121 3855 291 3922 marchiam
313 3851 476 3921 Morariae
498 3872 570 3920 oum
592 3852 736 3920 omnibus
759 3853 934 3920 attinentiis
959 3851 1024 3917 filio
1048 3850 1213 3935 (Otacaro)
1237 3869 1309 3916 oon-

123 3959 213 4043 cedit,
235 3959 341 4027 media
364 3959 517 4024 duntaxat
539 3962 664 4024 moneta
687 3957 853 4040 Giglaviae
874 3958 936 4024 sibi
958 3960 1091 4023 retenta.
1116 3955 1190 4039 (lb.)

224 4116 315 4183 1258.
332 4117 362 4181 2.
377 4113 458 4181 Nor.
478 4114 719 4197 Etberhardust
742 4114 920 4200 T(ietmar),
939 4113 1134 4197 H(eimicus)
1150 4116 1183 4179 et
1196 4110 1308 4195 H(ein-

122 4222 217 4306 ricus)
238 4220 382 4304 magistri
404 4222 550 4285 monetae
579 4219 677 4284 totius
707 4219 796 4301 regni
819 4219 978 4299 Boemiae,
1008 4235 1129 4284 necnon
1151 4221 1184 4284 et
1204 4213 1307 4279 fidelis

122 4325 224 4393 unitas
241 4328 419 4411 juratorum
441 4322 578 4392 civitatis
600 4322 748 4405 Iglaviae.

223 4438 370 4508 (marcq
392 4437 453 4492 ora.
472 4437 525 4501 12.)
1153 4518 1202 4573 10*
