3225 5017
570 313 636 396 Cap.
653 313 700 368 IV.
718 315 806 368 Benna
824 316 909 383 regia.
1288 321 1338 370 13⁷
1476 327 1530 398 ζ,

152 507 393 587 cumspectionis
416 507 571 573 industria
592 508 718 590 plenam
741 513 773 572 et
794 507 957 573 indubiam
983 503 1129 572 fiduciam
1153 507 1340 585 obtinentes
1452 493 1561 598 ²

151 611 235 692 ipsos
258 661 265 676 .
291 661 298 676 .
323 661 330 676 .
354 611 488 677 Nostros
510 616 740 695 procuratores,
764 616 896 691 actores,
921 611 1057 677 factores
1074 616 1106 676 et
1120 612 1246 674 nuntios
1269 629 1344 692 spe.
1408 605 1423 635 ¹

151 716 244 782 ciales
274 715 422 796 fecimus,
450 717 670 782 constituimus
700 720 745 782 et‘
760 717 981 800 praesentibus
1007 717 1198 794 ordinamus,
1230 715 1342 779 dantes

149 824 179 884 et
201 821 410 886 concendetes
432 819 552 886 eisdem
569 820 685 886 Nostro
708 821 843 900 nomine,
867 839 964 886 curn.
987 872 993 886 .
1019 872 1026 886 .
1050 821 1228 900 abbatibus,
1249 838 1341 901 prae·
1359 819 1379 844 ’“

148 925 271 1006 positis,
295 926 461 1009 prioribus,
486 926 791 992 commendatoribus
815 930 847 990 et
877 926 1037 1007 magistris
1071 924 1345 1001 monasteriorum,
1434 919 1443 938 ‘
1496 903 1561 1020 {2

149 1048 270 1095 necnon
302 1031 424 1096 civibus
453 1031 617 1096 civitatum
635 1031 734 1112 ‚regni
756 1029 866 1095 Nostri
888 1030 1037 1095 Boemiae
1066 1047 1124 1111 pro
1152 1027 1344 1110 praestando
1451 1017 1454 1020 ’

151 1133 252 1202 Nobis
268 1134 310 1200 ad
324 1151 474 1219 praesens
490 1134 632 1201 subsidio
647 1134 805 1222 loquendi,
832 1134 998 1214 tractandi,
1014 1133 1204 1217 postulandi,
1219 1131 1342 1214 agendi,

147 1239 326 1306 summendi
342 1244 374 1304 et
387 1237 598 1305 concordandi
612 1237 737 1322 plenam
749 1244 782 1303 et
796 1239 1008 1305 omnimodam
1021 1238 1212 1316 facultatem,
1228 1239 1341 1314 ratum,
1416 1253 1422 1259 ’
1494 1210 1519 1287 ⁹]
1530 1249 1554 1276 ²

48 1377 49 1380 ¹
150 1348 275 1425 gratum
297 1349 394 1426 atque
415 1341 539 1408 firmum
561 1343 724 1424 habentes,
757 1343 911 1426 quidquid
935 1362 994 1426 per
1015 1343 1195 1425 praedictos
1218 1341 1343 1406 consili·

150 1449 233 1512 arios
268 1446 401 1513 Nostros
435 1459 507 1512 cum
540 1447 692 1530 praefatis
726 1448 903 1526 abbatibus,
941 1447 1140 1529 praepositis,
1175 1443 1342 1528 prioribus
1424 1455 1427 1461 '
1496 1449 1503 1527 j
1523 1445 1561 1535 {J

151 1551 467 1630 commendatoribus,
498 1551 659 1632 magistris
691 1569 728 1615 ac
751 1551 846 1616 etiam
877 1551 1058 1617 civitatibus
1080 1551 1206 1616 Nostris
1229 1554 1343 1628 actum,

149 1654 278 1734 factum,
318 1658 443 1738 gratum
475 1654 573 1720 fuerit
605 1655 638 1719 in
675 1654 792 1720 talibus
830 1672 887 1718 sen
922 1656 1111 1720 conclusum.
1158 1654 1276 1718 Datum
1312 1655 1345 1719 in
1429 1673 1432 1676 ’
1521 1638 1561 1708 3¹

149 1758 277 1842 Pyeska
301 1759 393 1825 1394.

258 1888 312 1956 (Fac
329 1889 395 1958 orig.
413 1889 514 1941 archivi
528 1891 614 1956 palat.
640 1889 714 1942 Vina.
734 1891 825 1957 Petrei,
849 1889 948 1942 Weozcl
966 1889 1013 1942 11⁷.
1030 1908 1057 1943 n.
1077 1889 1155 1955 OIX)

259 2064 350 2130 1406.
378 2064 426 2128 10.
451 2061 537 2146 Maji.
561 2059 834 2130 Wenceslaus
855 2101 899 2110 -
921 2063 956 2128 B.
980 2082 1044 2129 rex.
1073 2062 1191 2128 Notum
1212 2063 1345 2129 facimus

153 2217 193 2234 ..
220 2218 227 2232 .
252 2168 418 2247 universis,
450 2168 714 2249 quemadmodum
744 2169 896 2250 magister
917 2169 1042 2248 civium,
1074 2168 1227 2247 consules,
1247 2167 1349 2250 jurati

48 2327 50 2330 .
152 2277 185 2338 et
207 2271 416 2338 communitas
439 2272 578 2337 civitatis
601 2273 899 2353 Luthomericensis,
929 2291 986 2355 pro
1017 2273 1159 2339 subsidio
1183 2276 1215 2336 et
1237 2289 1347 2337 conso-

150 2377 272 2442 latione
299 2375 417 2440 Nostra
450 2376 590 2458 speciali,
625 2395 659 2441 se
692 2377 733 2442 ad
767 2379 957 2442 solutionem
990 2377 1124 2442 duarum
1154 2395 1347 2442 summarum
1438 2418 1441 2426 ,

151 2480 322 2545 bernerum
343 2479 505 2560 regalium,
530 2500 625 2546 unam
646 2481 709 2546 vid.
733 2481 766 2545 in
784 2481 866 2546 festo
881 2480 1093 2561 Pentecostes,
1117 2483 1249 2546 alteram
1271 2498 1346 2545 vero

48 2623 49 2626 =
152 2585 187 2648 in
210 2583 262 2648 die
285 2583 314 2648 S.
337 2584 450 2686 iacobi
461 2583 519 2666 Ap.
540 2584 723 2650 immediate
739 2586 885 2667 sequenti
901 2591 1065 2651 venturam
1081 2587 1231 2667 proxime,
1247 2584 1347 2649 Nobis

48 2717 49 2720 ¹
152 2707 213 2771 per
233 2685 320 2771 ipsos
349 2688 546 2769 integraliter
575 2691 608 2752 et
635 2688 777 2770 plenarie
807 2689 1056 2771 persolvendam,
1089 2690 1172 2754 sicut
1194 2689 1291 2754 etiam
1313 2687 1347 2752 id

48 2831 49 2864 3
153 2794 262 2875 ipsum
277 2795 421 2874 patentes
443 2792 585 2873 ipsorum
599 2789 826 2859 literae'Nobis
852 2792 989 2875 desuper
1007 2793 1100 2857 datae
1121 2793 1246 2875 plenius
1268 2796 1348 2857 atte-
1407 2874 1409 2881 γ

154 2900 290 2977 stantur,
321 2900 432 2978 sponte
455 2901 488 2961 et
508 2897 660 2962 benevole
683 2896 913 2977 submiserunt3
944 2899 989 2962 ita
1011 2901 1044 2961 et
1064 2896 1131 2962 Nos
1154 2946 1161 2961 .
1186 2947 1193 2960 .
1219 2947 1225 2961 .
1249 2897 1348 2978 magi-

48 3061 49 3064 ,
156 3004 258 3066 strum
282 3000 406 3080 civium,
430 3000 585 3082 consules,
611 3002 734 3084 juratos
758 3004 790 3066 et
813 3003 1069 3068 communitatem
1098 3000 1281 3084 praedictae
1303 3001 1347 3064 ci-

155 3105 267 3170 vitatis
282 3103 316 3168 L.
333 3104 366 3172 in
381 3123 618 3187 recompensam
633 3105 868 3188 praedictarum
889 3107 1023 3170 duarum
1042 3123 1234 3170 summarum
1249 3102 1349 3169 Nobis

156 3229 216 3292 per
237 3209 323 3292 ipsos
346 3228 441 3291 super
463 3209 615 3292 praefatis
637 3210 727 3277 festis
751 3214 783 3275 et
800 3211 944 3274 terminis
961 3209 1185 3288 domandarum,
1209 3208 1249 3272 de
1265 3226 1350 3272 sum·
1420 3196 1425 3203 ‘

157 3315 219 3380 mis
240 3314 408 3379 bernerum
429 3313 584 3396 regalium
606 3313 768 3396 Majestati
783 3314 919 3380 Nostrae
933 3333 991 3397 per
1005 3315 1092 3397 ipsos
1108 3331 1204 3395 super
1218 3311 1248 3376 S,
1266 3311 1350 3376 Mar-

156 3419 227 3498 tini,
250 3415 481 3483 Purificationis
503 3417 533 3482 b.
557 3416 679 3483 Mariae
701 3417 842 3501 Virginis
865 3422 898 3483 et
918 3421 948 3485 b.
973 3418 1101 3500 Georgii
1124 3417 1213 3482 festis
1237 3421 1269 3480 et
1287 3420 1351 3481 ter-

157 3523 254 3587 minis
277 3522 418 3604 proxime
439 3521 581 3587 venturis
604 3525 636 3586 et
659 3524 778 3588 eisdem
807 3522 898 3588 lestis
920 3528 954 3588 et
978 3523 1122 3588 terminis
1144 3522 1271 3586 demum
1292 3521 1351 3584 im-

159 3626 299 3692 mediate
327 3629 400 3708 post
427 3626 487 3691 hoe
509 3645 590 3691 anno
614 3627 752 3691 secundo
782 3628 939 3693 secuturis
969 3626 1010 3691 ad
1032 3626 1172 3708 regalem
1194 3643 1351 3690 cameram

157 3729 308 3795 Nostram
326 3730 418 3813 juxta
440 3731 699 3796 consuetudinem
721 3731 886 3815 hucusque
902 3733 1102 3798 observatam
1123 3728 1350 3812 persolvendis,

158 3833 278 3900 virtute
299 3835 514 3916 praesentium
536 3836 624 3916 regia
647 3836 837 3901 auctoritate
859 3887 866 3902 .
891 3888 898 3902 .
923 3887 930 3902 .
954 3855 1011 3919 pro
1034 3835 1143 3915 Nobis,
1170 3826 1350 3909 heredibus,

161 3937 398 4004 successoribus
421 3941 454 4002 et
484 3937 670 4004 officialibus
692 3938 820 4005 Nostris
843 3941 1026 4029 quittamus,
1057 3938 1259 4016 absolvimus,
1287 3936 1351 3999 exi-

160 4042 276 4126 mimus
299 4045 332 4107 et
353 4042 524 4124 gratiosius
553 4043 746 4109 libertamus.
792 4045 911 4110 Datum
940 4042 1270 4119 Kar·lsteina.1406,
1300 4039 1352 4102 die

164 4146 212 4211 10.
238 4145 325 4229 Maji.
393 4178 395 4181 ·
435 4153 438 4164 '

267 4277 322 4343 (Ea
339 4277 403 4345 erip.
422 4277 493 4329 areb.
513 4276 633 4328 Mtomer.
654 4276 744 4340 Pelzel,
764 4277 798 4330 K.
824 4279 922 4330 Weozel
940 4278 986 4330 IV.
1005 4297 1030 4330 a,
1052 4277 1163 4344 CUXX.)
