3225 5017
560 325 689 398 01111111.
708 326 886 382 Universitas.
1275 329 1325 378 263
1385 408 1387 417 Ι

126 520 314 587 certantium
336 521 432 587 corda
456 521 497 586 ad
523 521 755 586 assecutionem
779 518 933 602 propositi
956 518 1089 599 praemii
1114 518 1228 583 fortius
1257 519 1325 582 ani·

127 630 263 692 mentur.
979 644 982 652 ·
1218 636 1222 642 ‘

230 729 311 797 Sane
334 750 406 796 oum
439 729 562 814 pridem
595 730 700 794 animo
735 727 919 807 deliberato,
954 727 1140 808 principum,
1171 724 1325 791 baronum

125 855 165 900 ac
181 854 347 919 procerum
369 835 459 916 regni
478 838 512 899 et
530 851 664 899 coronae
680 831 840 911 Boemiae,
862 828 1004 897 fidelium
1019 828 1216 910 Nostrorum,
1233 849 1323 896 acce-

22 1017 24 1020 ,
125 940 222 1006 dente
244 939 384 1019 consilio,
407 938 568 1022 quoddam
588 938 622 1001 in
644 936 742 1002 nobili
765 935 893 1000 civitate
912 933 1029 998 Nostra
1054 933 1208 1016 Pragensi
1231 935 1324 999 colle·

124 1045 215 1127 ginm
235 1044 436 1110 fundavimus
459 1048 492 1108 61
506 1042 763 1118 instauravimus,
786 1040 872 1123 quod
887 1039 984 1103 etiam
999 1058 1039 1104 ex
1053 1038 1169 1104 Nostro
1189 1039 1324 1118 nomino,

125 1153 257 1214 auctore
288 1148 433 1228 Domino,
469 1145 616 1212 felicibus
651 1145 804 1227 auspiciis
837 1142 1014 1226 Collegium
1043 1142 1149 1209 caroli
1186 1142 1327 1210 decrevit

124 1253 245 1319 Nostra
268 1251 427 1318 Serenitas
458 1253 622 1335 perpetuis
655 1246 853 1333 temporibus
879 1248 1051 1332 appellari3
1088 1249 1173 1330 quod
1198 1248 1327 1332 quidem

126 1357 304 1440 Collegium
327 1357 419 1422 domo
452 1355 691 1422 inhabitationis
723 1354 925 1433 munivimus,
954 1371 1084 1441 numero
1120 1370 1327 1434 personarum

124 1463 338 1542 distinximus,
362 1460 467 1526 officia
487 1460 628 1526 lecturas
651 1464 684 1525 et
706 1459 885 1526 studiorum
906 1457 1137 1536 distribuimus,
1170 1457 1325 1524 reditibus

129 1571 164 1633 et
186 1565 390 1649 proventibus
413 1565 559 1646 congruis
582 1563 771 1643 dotavimus,
795 1565 879 1628 sieut
899 1563 932 1627 in
954 1563 1055 1628 literis
1076 1562 1270 1628 fundationis
1293 1567 1327 1627 et

125 1670 369 1737 instaurationis
403 1669 584 1752 hujusmodi
617 1669 742 1751 plenius
776 1672 809 1732 et
839 1669 1019 1749 expressius
1051 1667 1236 1734 continetur.
1282 1665 1327 1731 Ut

126 1777 228 1858 igitur
249 1775 393 1857 magistri
417 1777 449 1839 et
472 1773 636 1838 studentes
659 1772 736 1837 dicti
764 1771 897 1854 Collegii
920 1776 1048 1836 strenue
1077 1772 1210 1836 militiae
1240 1771 1327 1837 labo-

125 1881 217 1946 ribus
240 1877 347 1944 officis
367 1878 509 1943 lecturae
532 1881 564 1942 et
587 1877 764 1942 studiorum
786 1879 964 1956 exerceant,
999 1876 1161 1958 magistris
1183 1876 1265 1959 ipsis
1291 1894 1328 1941 ac

128 1985 229 2050 etiam
252 1982 452 2048 studentibus
476 1981 554 2047 dicti
576 1981 710 2064 collegii
741 1981 825 2048 infra
854 1982 990 2063 scriptas
1019 1982 1140 2063 gratias
1168 1979 1329 2046 iaciendas

131 2087 290 2167 duximus,
315 2086 373 2152 sub
389 2085 492 2151 modis
508 2089 540 2150 et
556 2084 798 2165 conditionibus,
815 2091 910 2169 prout
924 2085 1056 2151 inferius
1071 2089 1121 2151 est
1135 2102 1328 2167 expressum·

236 2191 341 2257 Primo
365 2191 494 2274 quidem
516 2191 705 2256 auctoritate
727 2191 817 2272 regis
838 2189 1002 2256 Boemiae·
1018 2208 1075 2273 pro
1097 2189 1208 2270 Nobis,
1239 2189 1330 2256 here

128 2297 225 2362 dibus
247 2315 284 2362 ac
307 2295 543 2362 successoribus
558 2294 693 2375 Nostris,
710 2294 861 2361 Boemiae
876 2295 1015 2377 regibus,
1033 2298 1066 2360 et
1080 2294 1225 2378 ejusdem
1240 2297 1330 2377 regni

129 2419 246 2466 corona
269 2401 301 2466 in
323 2404 513 2484 perpetuum
535 2400 732 2466 decernimus
756 2403 788 2466 et
811 2399 870 2465 hoo
893 2401 981 2482 regio
1009 2399 1160 2466 Boemiae
1174 2404 1329 2483 perpetuo

129 2507 292 2572 sancimus
329 2504 443 2584 edicto,
482 2505 567 2588 quod
604 2504 646 2570 ad
676 2523 784 2570 omnes
816 2508 850 2570 61
878 2503 1019 2586 singulos
1053 2504 1255 2570 canonicatus
1298 2506 1332 2569 et

129 2609 329 2693 praebendas
363 2609 517 2675 ecclesiae
550 2608 699 2676 Omnium
733 2608 930 2689 Sanctorum,
971 2608 1088 2690 regalis
1123 2608 1264 2690 capellae
1297 2609 1330 2674 in

129 2719 236 2780 castro
265 2713 381 2778 Nostro
411 2713 574 2796 Pragensi‚
611 2714 686 2779 dum
721 2718 753 2779 et
775 2714 901 2797 quoties
930 2713 1058 2779 eosdem
1092 2714 1206 2798 quovis
1238 2713 1331 2780 modo

129 2837 246 2884 vacare
276 2818 444 2900 continget,
478 2837 570 2884 nemo
602 2819 737 2902 amplius
767 2804 964 2902 praesentari
992 2818 1107 2885 debeat
1139 2818 1329 2885 auctoritate

130 2924 223 3005 regia
245 2922 394 2988 Boemiae
416 2921 569 3005 praefata,
592 2923 655 2988 nisi
677 2924 783 2988 senior
809 2923 974 2989 vocatione
1003 2923 1043 2989 de
1072 2941 1204 2988 numero
1233 2924 1332 3006 magi-

131 3033 271 3094 strorum
305 3030 338 3092 et
371 3027 565 3093 studentium
592 3027 669 3092 dicti
693 3027 827 3108 collegii
859 3026 979 3108 Nostri,
1016 3028 1165 3110 quodque
1194 3028 1332 3095 decanus

131 3131 278 3214 ejusdem
310 3131 473 3212 ecclesiae,
508 3131 549 3196 ad
583 3151 677 3214 quem
706 3132 896 3197 investitura
931 3132 1152 3197 canonicorum
1186 3136 1332 3215 spectare

133 3234 342 3316 dignoscitur,
366 3239 440 3300 ante
463 3235 513 3299 sui
528 3236 799 3319 approbationem,
829 3232 1098 3301 confirmationem
1113 3252 1172 3301 sen
1187 3237 1332 3319 quamvis

134 3339 384 3421 assumptionem
420 3339 525 3420 aliam,
566 3339 772 3422 corporaliter
805 3341 900 3406 tactis
935 3340 1159 3406 sacro-sanctis
1196 3360 1332 3425 evange·

134 3442 188 3508 liis
208 3444 319 3527 jurare
342 3443 465 3525 debeat,
489 3443 610 3509 nullum
626 3445 753 3528 penitus
780 3445 822 3509 ad
848 3445 1052 3511 canonicatus
1082 3449 1116 3510 et
1136 3447 1333 3529 praebendas

135 3547 318 3631 hujusmodi
341 3548 519 3630 admittere,
548 3550 716 3615 instituere
743 3568 799 3614 seu
833 3549 977 3615 investiri
1009 3550 1262 3635 quoquomodo,
1286 3551 1334 3616 ni-

137 3652 166 3716 si
181 3672 264 3733 eum,
289 3672 382 3736 quem
404 3653 444 3720 de
464 3673 595 3720 numero
618 3654 694 3720 dicti
711 3654 845 3736 Collegii
862 3655 955 3737 juxta
969 3654 1101 3721 formam
1118 3660 1335 3738 expressatam

138 3758 287 3840 superins
309 3775 365 3823 rex
387 3756 546 3839 Boemiae,
570 3759 625 3842 qui
648 3777 704 3841 pro
727 3762 870 3842 tempore
899 3759 1004 3839 fuerit,
1035 3759 1162 3824 duxerit
1185 3776 1334 3842 praesen-

138 3859 280 3927 tandum.
304 3862 508 3946 Praelaturis,
524 3863 747 3946 praepositura
768 3866 801 3926 et
816 3863 971 3929 decanatu
994 3862 1163 3929 dumtaxat
1183 3864 1334 3946 exceptis,

139 3983 219 4050 quas
243 3965 276 4030 in
299 3967 458 4032 consuetis
482 3967 549 4032 suis
572 3968 611 4034 ab
642 3968 773 4051 antiquo
799 3968 925 4052 juribus
956 3970 988 4032 61
1018 3966 1252 4034 conditionibus
1280 3986 1335 4031 vo·

139 4070 245 4136 lnmus
268 4089 464 4154 permanere.
486 4071 530 4136 Et
552 4090 608 4155 pro
631 4090 692 4137 usu
708 4077 741 4138 61
757 4072 920 4137 commoda
934 4070 1164 4138 inhabitatione
1179 4072 1336 4138 dictorum

140 4175 365 4256 magistrorum
387 4179 419 4239 et
441 4174 645 4257 studentium,
670 4178 878 4242 communiter
899 4180 933 4243 et
955 4176 1092 4258 divisim,
1116 4176 1191 4242 dnm
1210 4177 1336 4242 canoni·

143 4282 232 4343 catus
256 4286 289 4344 et
311 4279 508 4361 praebendas
531 4278 712 4362 hujusmodi
728 4282 869 4347 assecuti
890 4281 1016 4362 111611111,
1040 4284 1076 4346 nt
1098 4300 1135 4347 eo
1151 4280 1337 4348 convenien-

142 4383 206 4448 tius
229 4383 263 4448 in
285 4383 371 4450 diota
393 4383 526 4450 ecclesia
550 4382 700 4450 Omnium
730 4383 916 4453 Sanctorum
945 4385 1062 4452 divinis
1091 4385 1252 4469 obsequiis
1282 4404 1336 4453 va·
