3225 5017
565 354 630 423 Gap.
648 354 695 408 IX.
713 353 892 411 Universitas.
1273 357 1324 406 nst

128 548 243 629 quibus
264 551 369 614 rector
390 548 423 614 in
445 549 581 613 statione
602 550 654 614 vel
666 549 735 614 loco
747 548 884 631 Juridico
900 561 971 614 esse
992 546 1160 629 tenebitur,
1181 545 1324 629 pedellus
1424 603 1425 606 ,

127 652 259 718 assistat
280 652 394 734 eidem,
418 657 451 719 st
472 654 561 734 alias,
587 653 837 736 quandocunque
858 653 973 718 rectori
999 650 1117 719 faverit
1147 653 1323 718 convenire.

126 755 217 837 Item,
231 757 467 840 processionem
480 756 706 823 Universitatis
721 757 762 821 ad
777 755 859 822 festa
874 757 925 823 vel
940 757 1021 822 alias
1045 754 1176 838 fiendas,
1200 775 1325 840 semper

126 861 262 942 intersit,
286 865 440 927 rectorem
461 878 548 928 more
570 861 663 927 solito
686 861 914 944 praecedendo
962 861 1057 943 Item,
1086 862 1115 926 si
1140 862 1247 945 plures
1269 881 1325 944 pe·
1449 871 1450 882 ¹

127 967 203 1032 delli
224 966 350 1049 fuerint,
373 987 435 1032 non
458 967 652 1033 substituant
674 966 773 1032 alium
794 967 865 1032 loco
885 967 935 1032 sui
956 984 1060 1050 neque
1087 967 1167 1032 alias
1182 967 1215 1032 in
1231 964 1324 1032 iactis

125 1072 245 1153 arduis,
268 1072 332 1138 nisi
353 1072 514 1155 pedellum
536 1072 716 1155 generalem
738 1072 789 1138 vel
812 1072 969 1138 notanum
991 1070 1228 1140 Universitatis.

234 1177 969 1260 li.Depromissisingredientium
998 1175 1319 1243 Universitatis.
1447 1205 1453 1222 r
1551 1211 1588 1248 η

128 1281 270 1361 Quilibet
312 1286 379 1348 tam
422 1281 544 1347 advena
584 1300 679 1364 quarn
721 1281 871 1363 indigena
908 1282 1017 1347 rolens
1058 1281 1198 1365 gaudere
1242 1298 1326 1346 com-

127 1387 231 1452 modis
253 1390 286 1452 et
307 1387 482 1470 privilegiis
504 1385 731 1452 Universitatis
754 1385 875 1470 jurabit
904 1404 962 1453 seu
992 1387 1165 1470 promittet,
1197 1385 1323 1468 quaudo

128 1491 170 1556 ad
191 1490 441 1558 Universitatem
469 1492 629 1574 recipitur,
665 1490 784 1574 primo:
822 1491 903 1574 Regi
932 1495 966 1557 et
993 1510 1091 1575 regno
1116 1488 1324 1574 fidelitatem;

127 1596 207 1661 item
229 1597 314 1678 qnod
334 1597 451 1663 rectori
473 1599 505 1662 in
527 1596 624 1661 lIcitis
648 1599 680 1661 et
701 1594 842 1662 honestis
866 1597 994 1663 obediet
1016 1601 1049 1663 et
1070 1597 1112 1662 ad
1129 1597 1326 1664 illiusuoca-

129 1701 248 1766 tionem
271 1702 386 1783 veniet,
410 1706 442 1768 et
463 1704 585 1767 statuta
606 1699 831 1766 Universitatis
854 1700 938 1767 facta
960 1706 993 1768 et
1013 1701 1160 1768 iacienda
1186 1702 1326 1768 servabit

132 1824 190 1888 pro
214 1824 316 1890 posse.
343 1805 413 1872 Nec
433 1810 537 1872 rector
557 1806 591 1872 in
612 1805 673 1871 hoc
694 1809 886 1888 potestatem
908 1805 1024 1873 haheat
1046 1805 1252 1890 dispensandi
1274 1805 1326 1872 vel

131 1914 288 1976 statutum
308 1911 504 1976 immutandi.
549 1910 640 1992 Item,
663 1911 836 1994 promittat,
860 1911 945 1994 quod
966 1911 1084 1976 nullius
1107 1929 1164 1994 per
1187 1911 1326 1993 aliquem

128 2014 268 2080 offensus
289 2015 438 2100 injuriam
468 2033 559 2081 suam
588 2015 729 2081 viudIcet
757 2035 816 2098 per
844 2016 1081 2100 semetipsum,
1104 2015 1162 2081 sed
1193 2013 1326 2082 rectoris

129 2117 270 2185 officium
290 2105 391 2204 super
407 2119 468 2185 hoc
489 2120 685 2203 implorabit.

237 2225 287 2290 18.
325 2226 382 2291 De
400 2225 708 2309 jurisdictione
730 2244 775 2291 ac
793 2225 976 2309 judiciis
998 2225 1189 2292 rectoris.
1223 2224 1328 2293 duris-

130 2327 303 2395 dictionem
324 2328 517 2396 ordinariam
540 2335 645 2395 rector
665 2329 796 2397 habebit
818 2331 851 2396 in
874 2333 978 2398 omnia
1001 2331 1165 2415 supposita
1192 2329 1327 2396 Univer-

129 2435 235 2501 sitatis
267 2435 301 2500 in
331 2435 436 2500 causis
469 2434 702 2516 criminalibus,
738 2434 885 2502 civilibus
920 2439 952 2502 et
973 2435 1167 2521 injuriarum.
1212 2435 1329 2501 Rector

130 2541 314 2606 summatim
336 2540 368 2605 et
391 2539 459 2605 sine
488 2537 590 2622 figura
619 2557 676 2604 seu
707 2539 844 2623 strepitu
870 2540 985 2623 judicii
1016 2559 1128 2606 causas
1159 2543 1329 2622 cognoscat

130 2649 163 2710 et
184 2644 321 2725 decidat,
343 2644 406 2709 nisi
432 2641 566 2726 liguram
585 2644 698 2729 judicii
721 2662 838 2710 causae
860 2645 998 2726 gravitas
1022 2645 1148 2728 erigere
1168 2645 1323 2711 videatur.

128 2750 174 2815 Et
205 2750 232 2815 si
266 2749 440 2816 necessitas
480 2749 621 2833 requirit,
659 2752 764 2831 potest
793 2751 898 2814 rector
930 2749 963 2815 in
997 2750 1101 2814 causis
1132 2748 1324 2816 scholarium

130 2853 305 2936 procedere
327 2855 469 2938 quohbet
489 2858 633 2937 tempore
654 2852 814 2919 feriarum.

233 2958 323 3042 Item,
346 2977 409 3026 non
430 2962 564 3044 possunt
579 2958 806 3026 Universitatis
830 2958 995 3041 supposita
1016 2958 1149 3026 rectoris
1170 2959 1327 3045 judicium

132 3064 276 3150 quolibet
297 3065 466 3131 declinare.
512 3063 546 3130 Si
568 3068 676 3130 autem
698 3080 833 3146 persona
858 3063 891 3128 iu
909 3063 1067 3146 judicium
1087 3067 1190 3130 tracta
1211 3065 1329 3146 promi-

129 3170 217 3251 serit,
240 3189 279 3235 er
301 3173 373 3236 acta
394 3188 491 3236 causa
512 3187 548 3235 se
569 3172 725 3234 rectorem
747 3169 864 3234 habere
890 3171 1083 3251 suspectum,
1124 3187 1253 3235 causam
1275 3187 1328 3234 su·

132 3275 284 3356 spiciouis
306 3275 463 3359 exprimat
483 3273 625 3340 adhibito
647 3274 812 3357 promisso.
858 3272 901 3338 Et
931 3276 1046 3338 extunc
1068 3277 1172 3339 rector
1200 3291 1328 3340 causam

132 3379 340 3462 principalem
363 3379 489 3462 deleget
510 3397 665 3461 personae
686 3396 749 3443 non
772 3381 949 3460 suspectae,
980 3397 1062 3460 quae
1084 3379 1128 3444 sit
1152 3379 1328 3445 membrum

133 3481 368 3566 Universitatis,
392 3503 449 3550 seu
471 3483 586 3567 aliquis
607 3483 783 3549 vicerector
809 3483 909 3563 detur,
943 3483 998 3567 qui
1027 3483 1068 3549 de
1098 3502 1194 3550 causa
1224 3483 1328 3565 suspi-

134 3588 233 3654 cionis
251 3588 376 3672 judicet
405 3593 438 3655 et
458 3590 562 3672 ipsam
591 3584 721 3655 definiat
741 3586 825 3652 iufra
855 3592 925 3652 octo
952 3587 1021 3654 dies
1045 3600 1116 3653 cum
1140 3588 1327 3654 consiliariis

133 3690 366 3759 Universitatis.
401 3695 472 3772 Qua
493 3695 635 3777 probata,
658 3692 833 3758 ulcersctor
853 3692 939 3758 idem
962 3692 1001 3758 de
1033 3693 1201 3777 principali
1232 3711 1328 3759 causa

133 3801 318 3878 cognoscat3
348 3798 404 3864 illa
433 3816 496 3864 non
529 3798 671 3881 probata,
705 3798 847 3862 remittat
879 3797 1053 3864 vicerector
1081 3797 1168 3866 illam
1200 3817 1328 3866 causam

132 3901 174 3966 ad
191 3901 333 3986 judicem
355 3907 536 3969 recusatum
558 3902 654 3968 etad
676 3906 842 3969 rectorem.

237 4007 327 4088 Item,
349 4025 412 4074 non
434 4008 530 4075 debet
551 4007 666 4090 aliquis
695 4007 876 4073 intitulatus
907 4006 1116 4075 Universitati
1142 4013 1270 4076 nostrae
1290 4029 1328 4076 ac

128 4111 255 4195 juratus
277 4111 376 4178 alium
395 4112 592 4177 intItulatum
612 4110 740 4177 trahere
761 4111 794 4176 in
814 4111 979 4194 judicium,
1003 4113 1066 4179 nisi
1083 4117 1156 4180 ante
1172 4118 1327 4182 rectorem

132 4215 368 4283 Universitatis.

237 4322 327 4404 Item,
358 4321 386 4388 si
415 4321 530 4389 rectori
561 4320 785 4389 Universitatis
815 4327 958 4406 tempore
988 4321 1039 4389 sui
1068 4328 1243 4390 rectoratus
1271 4341 1330 4408 per

135 4426 311 4494 membrum
334 4426 560 4494 Universitatis
583 4446 791 4513 quaecunque
813 4429 928 4512 injuria
950 4425 1039 4498 illata
1053 4428 1149 4496 fuerit
1163 4431 1258 4498 realis
1273 4434 1330 4497 aut
