3225 5017
449 379 451 383 .
491 329 556 401 Gap.
574 329 608 384 V.
624 328 840 386 Metallifodinae
857 337 885 386 et
901 312 1107 403 urhura'regia„
1343 316 1395 389 143

203 569 206 576 ι
266 533 289 544 ”
309 524 402 592 13411.Ι
425 523 564 591 Joannes
586 545 642 592 rex
728 577 735 591 .
765 525 973 609 inspicientes
994 528 1095 616 multa
1120 523 1283 595 fidelitatis
1306 529 1396 594 obse-

203 633 288 715 quia,
318 649 400 714 quae
429 631 521 697 nobis
538 629 661 696 fideles
687 633 796 712 nostri,
824 631 923 715 judex
953 640 972 698 e
1010 631 1109 716 jurati
1139 653 1177 698 ac
1206 632 1396 698 universitas

203 739 422 802 montanorum
444 737 477 800 in
499 735 800 802 Roic'hcnstein
822 741 887 802 tam
908 738 942 801 iu
965 737 1078 802 castris
1093 742 1168 802 ante
1181 736 1397 802 Landshutam

203 860 243 906 ac
265 841 361 906 etiam
381 840 416 904 in
438 839 510 906 aliis
532 840 724 906 notabilibus
749 841 876 907 casibus
899 841 1034 907 sollicite
1056 846 1089 906 61
1109 840 1246 908 fideliter
1264 843 1398 924 praesti·

202 948 322 1025 terunt,
342 948 410 1010 tum
434 945 511 1028 quia
534 945 645 1010 eadem
668 945 799 1010 servitia
814 946 865 1010 uel
880 945 1012 1010 meliora
1026 944 1118 1013 nobis
1132 945 1237 1011 facere
1251 940 1400 1029 poterunt

209 1051 244 1114 in
266 1049 417 1130 1111611111,Ι
428 1054 506 1115 tum
526 1051 603 1133 *quia
624 1054 772 1116 montana
795 1051 878 1116 circa
891 1050 961 1116 fora
976 1055 1011 1116 et
1024 1051 1288 1133 comparationem
1309 1054 1399 1116 uten-

206 1155 314 1220 silium
336 1154 452 1221 debeut
473 1156 659 1238 perpensius
687 1155 840 1236 libertati,
869 1155 949 1239 ipsis
977 1159 1011 1221 et
1034 1156 1176 1239 ipsorum
1198 1155 1318 1221 civitati
1340 1174 1398 1219 un-

205 1260 326 1340 geltum
350 1260 531 1325 institutum
552 1260 738 1326 relaxamus.
783 1289 785 1293 ’

310 1373 363 1439 (Ex
381 1368 491 1438 6611666
509 1372 585 1439 copia
602 1371 702 1427 scam.
727 1371 788 1426 Ura.
803 1391 834 1438 p.
851 1375 894 1425 86.
913 1363 947 1411 -’
965 1373 1063 1426 Ernler.
1080 1372 1128 1427 IV.
1145 1370 1235 1440 1607.)

211 1556 232 1575 ’·
261 1543 271 1596 J
312 1547 404 1614 1405.
420 1547 499 1644 Kral
513 1547 650 1614 Vaoslav
665 1549 773 1631 uapsal
788 1547 964 1616 Habartoui
978 1546 1267 1630 Hortenbergarovi
1281 1549 1302 1612 2
1316 1548 1399 1630 kopd

206 1653 295 1734 platu
318 1652 467 1718 rodnieho
490 1653 531 1717 od
553 1652 670 1720 Zlate
692 1653 802 1738 Hory
824 1674 844 1720 v
867 1653 1209 1719 Raichenstcinu.

311 1760 383 1833 (Ray.
405 1765 472 1839 de.
491 1765 527 1820 II.
546 1767 617 1832 182.)
649 1791 651 1797 r

784 1941 823 2007 D.

203 2149 207 2158 Ι
330 2043 333 2048 ”
426 2149 431 2158 Ἰ
591 2060 811 2150 Acrifhdiaac
835 2060 1009 2146 Teplcrrsco.
1055 2074 1073 2159 γ’

313 2245 405 2312 1232.
439 2245 646 2314 Wenceslaus
679 2247 702 2312 Ι.
737 2266 793 2313 rex
813 2247 1028 2313 monasterio·
1052 2247 1201 2331 Toplensi
1238 2243 1401 2311 confirmat

203 2352 299 2417 dotes
321 2356 354 2418 et
374 2351 578 2432 hereditates,
609 2351 723 2436 quibus
752 2352 957 2418 fundamenta
987 2353 1130 2436 ejusdem
1153 2352 1306 2417 ecclesiae
1327 2354 1402 2416 sunt

205 2460 323 2536 erecta,
346 2456 408 2521 vid.
429 2457 581 2522 universa
603 2476 686 2538 quae
715 2458 755 2523 ab
778 2460 850 2522 ortu
879 2455 1018 2523 fluminis
1049 2458 1134 2540 quod
1156 2457 1271 2523 dicitur
1292 2455 1399 2536 Tepla,

208 2580 310 2642 usque
332 2561 374 2626 ad
393 2562 498 2627 locum
519 2581 582 2645 quo
606 2561 691 2627 idem
716 2560 832 2628 fluvius
855 2581 927 2628 cum
948 2563 1015 2628 rivo
1038 2581 1134 2627 aureo
1153 2561 1207 2642 qui
1222 2560 1305 2642 vulg.
1321 2558 1401 2623 Hul-

205 2666 292 2732 boka
308 2666 339 2750 (i
362 2683 389 2730 e.
412 2651 576 2758 Hlubokat)
609 2671 817 2748 nuncupatur,
849 2656 1067 2746 conmiscetur,
1102 2684 1117 2730 s
1161 2668 1176 2729 t
1203 2663 1398 2747 interposita.

314 2779 508 2848 (1161661.
529 2779 597 2844 784.)
672 2776 679 2784 “
1145 2772 1169 2777 ”

315 2951 407 3017 1337.
431 2951 570 3018 loannes
592 2969 647 3016 rex
668 2951 824 3017 -Petro
847 2952 887 3017 de
907 2952 1109 3021 Rosenberch
1131 2953 1295 3019 universas
1318 2952 1401 3018 auri-

203 3054 331 3122 fodinas
360 3055 480 3139 obligit
511 3057 647 3122 exclusis
676 3056 891 3122 aurifodinis.
917 3082 923 3123 ·.
949 3108 988 3123 ..
1019 3059 1052 3123 in
1081 3058 1211 3141 Thopla,
1245 3075 1327 3138 qnae
1357 3056 1399 3122 ad

206 3159 276 3253 Nos
299 3165 332 3224 ct
352 3161 393 3226 ad
415 3160 564 3227 Nostram
587 3162 781 3254 solummodo
804 3167 950 3244 spectare
974 3163 1092 3229 debent
1114 3182 1279 3230 cameram.

211 3353 235 3376 ·'
316 3353 408 3418 1342.
432 3353 483 3420 25.
500 3353 578 3419 dan.
613 3353 753 3419 loannes
774 3353 896 3420 161-
918 3355 1024 3434 Quum
1045 3355 1129 3420 enim
1151 3343 1348 3420 aurifodinae
1369 3355 1402 3418 in

208 3457 361 3542 quercina
376 3459 472 3539 silva,
493 3458 527 3524 in
549 3456 621 3542 Hay
642 3459 725 3540 vulg.
750 3457 846 3539 dicta,
868 3458 910 3523 ad
930 3458 1159 3524 monasterium
1176 3462 1319 3523 nostrum
1340 3457 1399 3522 Te-

206 3564 320 3648 plensc
342 3563 522 3645 spectantes
544 3563 584 3628 ab
606 3563 677 3646 ipso
699 3563 804 3646 aliquo
822 3567 965 3644 temporo
977 3562 1096 3630 fuerint
1108 3563 1194 3631 dicto
1208 3560 1399 3627 monasterio

209 3670 244 3734 in
267 3669 437 3752 dampnum
458 3687 521 3734 non
542 3667 701 3733 modicum
723 3667 811 3750 (nam
839 3666 958 3732 ibidem
987 3669 1074 3750 ligna
1095 3668 1236 3733 succissa
1258 3671 1291 3732 et
1311 3667 1401 3749 ipsae

209 3773 408 3840 aurifodinae
427 3773 607 3838 destructae
629 3776 703 3838 sunt
724 3791 761 3837 ac
777 3772 956 3837 omnimodo
970 3772 1155 3855 desolatae),
1176 3771 1244 3839 Nos
1267 3772 1401 3854 denique

203 3879 334 3944 'devotis
352 3878 469 3944 nostris
485 3877 619 3957 dilectis
642 3877 749 3943 abbati
772 3880 805 3941 et
827 3878 993 3942 conventui
1017 3877 1094 3942 dicti
1109 3877 1301 3957 monasterii,
1318 3893 1401 3940 com-

209 3984 383 4066 placentes,
405 3981 485 4064 ipsis
509 3980 609 4047 116166
633 3981 826 4046 aurifodinae
842 3999 914 4045 cum
929 3982 1074 4048 omnibus
1091 3986 1123 4046 et
1140 3981 1272 4062 singulis
1295 3999 1403 4046 earum

210 4083 401 4152 utilitatibus
425 4091 458 4151 et
478 4085 682 4170 proventibus
711 4085 874 4152 reddimus
905 4087 1019 4169 stipsi
1046 4086 1238 4151 monasterio
1260 4086 1404 4167 incorpo-

210 4209 329 4272 ramus,
351 4191 493 4257 uolentes
516 4194 549 4255 ot
571 4193 746 4257 statuentes
769 4191 895 4256 decreto
918 4191 1014 4272 regio,
1038 4195 1074 4255 ut
1095 4191 1185 4273 ipsae
1208 4187 1404 4255 aurifodinae

212 4296 298 4362 circa
327 4295 447 4360 dictum
479 4294 703 4360 monasterium
734 4313 804 4360 cum
835 4295 979 4361 omnibus
1009 4295 1201 4361 utilitatibus
1231 4293 1404 4360 61611161-

214 4401 354 4467 tionibus
379 4404 536 4484 perpetue
558 4417 742 4483 permanere
764 4403 797 4464 61
819 4400 858 4464 ab
880 4401 949 4482 ipso
971 4399 1118 4481 661Ν66,
1140 4397 1273 4465 heredes
1289 4401 1407 4462 61616-
