3225 5017
235 368 237 380 ,
318 323 368 373 158
604 313 668 384 Gap.
685 313 718 367 V.
735 312 952 369 Metallifodinae
969 321 996 368 et
1013 315 1115 369 urbura
1131 317 1213 386 regia.
1314 351 1319 362 .

316 512 435 578 raviam
457 511 629 578 locavimus
652 531 672 576 a
692 513 774 578 festo
795 513 825 580 b.
842 513 928 578 Petri
950 514 1052 596 primo
1074 518 1206 578 venturo
1228 531 1330 596 usque
1350 531 1409 595 per
1431 515 1504 577 anni

317 617 468 682 circulum
490 618 666 683 revolutum
688 636 745 701 pro
768 618 892 684 duobus
913 618 1052 683 millibus
1071 635 1247 686 marcarum
1268 618 1389 698 argenti
1404 617 1504 683 Nobis

317 722 357 786 ab
380 719 521 787 eisdem.
546 772 553 787 .
578 773 585 788 .
610 720 650 787 de
672 772 679 787 .
704 773 711 787 .
737 772 743 787 .
767 722 984 805 persolvendis
1006 722 1039 787 in
1060 722 1202 787 terminis
1226 722 1417 788 subnotatis:
1441 723 1505 787 Da·

318 827 395 891 bunt
416 826 499 890 enim
520 827 554 891 in
574 827 655 892 festo
678 827 706 892 b.
724 825 890 892 Michaelis
913 827 1014 908 primo
1029 830 1161 892 venturo
1180 826 1367 909 quingentas
1381 846 1506 893 marcas

317 949 393 1012 arg,
415 931 448 996 in
469 931 551 996 festo
573 931 644 997 Nat
668 933 758 997 Dom.
783 937 931 998 secuturo
954 934 1141 1016 quingentas
1163 952 1203 998 m.
1224 951 1264 1011 a,
1286 931 1319 996 in
1334 931 1506 997 medietate

317 1037 584 1117 Quadragesimae
608 1037 819 1119 subsequente
842 1038 1030 1120 quingentas
1051 1057 1091 1104 m.
1110 1039 1141 1103 et
1162 1037 1196 1101 in
1212 1036 1293 1102 festo
1308 1035 1506 1102 Pentecostis

228 1217 231 1222 ¹
316 1145 391 1205 tuno
420 1140 530 1206 ultimo
553 1141 742 1207 succedente
763 1143 954 1226 quingentas
980 1162 1020 1208 m.
1046 1160 1189 1208 camerae
1211 1141 1346 1207 Nostrae
1371 1141 1504 1209 solvent
1572 1130 1573 1147 ¹

419 1253 457 1314 (E
472 1255 526 1308 cod.
545 1253 642 1310 Zdenlc.
660 1255 692 1308 de
712 1255 819 1312 Trebccz
836 1256 911 1322 opud
929 1254 1072 1324 semea-9.
1094 1254 1227 1321 011124.)

420 1429 449 1494 2.
473 1427 539 1495 Nos
568 1430 775 1497 Wenceslaus
798 1431 858 1516 (ΙΙ)
887 1450 943 1498 rex
965 1435 1137 1498 —notum
1158 1430 1301 1511 iacimus,
1330 1430 1416 1513 quod
1437 1430 1505 1496 Nos

316 1533 496 1599 Baldevvino
519 1538 550 1600 et
573 1534 716 1602 Conrado
738 1536 779 1601 de
800 1537 922 1618 Iglavia
943 1538 1090 1603 urberam
1115 1533 1417 1618 argentifodinamm
1440 1540 1505 1602 tam

315 1618 381 1720 per¹
402 1637 564 1704 Boemiam
592 1659 686 1722 quam
715 1659 773 1722 per
802 1640 978 1706 Moraviam
1006 1639 1178 1707 locavimus
1208 1659 1227 1704 a
1252 1625 1342 1706 lesbo*
1362 1641 1392 1707 b.
1416 1639 1505 1707 Petri

314 1743 416 1825 primo
438 1745 569 1808 venturo
592 1763 691 1827 usque
713 1764 771 1827 per
788 1746 861 1810 anni
878 1745 1029 1811 circulum
1043 1745 1220 1810 revolutum
1234 1761 1291 1827 pro
1307 1743 1418 1810 decem
1433 1745 1503 1824 mil·

315 1847 398 1914 libus
413 1867 588 1914 marcarum
604 1849 725 1932 argenti
747 1849 847 1916 Nobis
869 1849 908 1914 ab
925 1849 1045 1915 eisdem
1066 1847 1103 1914 B.
1120 1854 1152 1913 et
1174 1848 1208 1914 0.
1232 1850 1451 1931 persolvendis
1472 1850 1504 1915 in

197 1945 200 1956 ’
316 1953 458 2019 terminis
482 1954 674 2019 subnotatis:
705 1953 834 2020 Dabunt
856 1955 939 2019 enim
960 1953 1060 2020 Nobis
1081 1953 1115 2018 in
1136 1952 1217 2019 festo
1238 1955 1269 2021 b.
1292 1953 1379 2021 Petri
1400 1955 1503 2037 primo

317 2062 447 2122 venturo
477 2056 539 2123 duo
568 2057 668 2123 millia
697 2077 791 2123 marc.
823 2077 899 2139 arg,
930 2059 963 2123 11
987 2056 1069 2124 lesbo
1097 2056 1169 2123 Nat
1201 2057 1290 2123 Dom.
1330 2063 1504 2141 'sequutum

315 2162 378 2227 duo
399 2162 499 2228 millia
520 2181 560 2228 m.
584 2182 623 2242 a,
653 2162 686 2227 in
707 2163 812 2228 medio
835 2163 1104 2244 Quadragesimae
1130 2166 1282 2246 sequente
1312 2163 1374 2228 duo
1404 2164 1506 2229 millia

315 2288 354 2333 m.
379 2287 417 2349 a,
451 2272 483 2334 et
504 2268 537 2333 in
558 2267 640 2336 festo
662 2267 748 2350 Virg.
772 2266 894 2334 Mariae
917 2272 992 2333 tunc
1015 2267 1124 2333 ultimo
1155 2268 1344 2334 succedente
1366 2273 1503 2352 quatuor

314 2372 414 2438 millia
435 2392 475 2438 m.
500 2392 542 2438 ar.
568 2371 715 2438 similiter
738 2391 882 2439 camerae
903 2371 1039 2439 Nostrae
1062 2371 1192 2437 solvent.

418 2486 456 2552 (Ε
471 2487 525 2539 cod.
543 2487 635 2541 Zdeaa
654 2488 686 2540 de
707 2487 815 2540 Trebeez
833 2487 907 2552 opud
925 2485 1025 2540 81111111.
1049 2483 1110 2536 Ure.
1128 2486 1180 2550 23„
1197 2484 1266 2539 Emi.
1283 2484 1321 2537 ΙΙ.
1338 2486 1428 2554 2343.)

419 2643 448 2708 3.
472 2642 538 2710 Nos
562 2695 569 2709 .
594 2694 601 2710 .
626 2695 633 2710 .
658 2643 842 2726 profitemur
871 2696 878 2710 .
903 2695 910 2709 .
935 2695 942 2709 .
970 2644 1056 2727 quod
1085 2643 1229 2710 orboram
1257 2643 1409 2709 montium
1439 2645 1504 2710 No·

313 2752 449 2816 strorum
479 2750 617 2816 omnium
646 2768 703 2832 per
730 2753 830 2816 totam
852 2750 1014 2816 Boemiam
1043 2752 1076 2814 et
1097 2752 1195 2814 totam
1225 2747 1399 2814 Moraviam
1430 2770 1502 2816 cum

314 2855 397 2919 omni
423 2853 605 2937 integritate
626 2855 809 2921 libertatum
831 2860 863 2922 et
881 2855 962 2940 juris
984 2853 1157 2923 locavimus
1178 2851 1235 2919 H.
1260 2903 1267 2919 .
1292 2903 1299 2918 .
1324 2857 1357 2919 et
1379 2852 1404 2920 0
1427 2905 1436 2920 .
1463 2906 1501 2921 ..

315 2958 436 3023 afesto
466 2960 487 3024 b
510 3010 516 3024 .
542 3009 549 3025 .
574 3010 581 3025 .
604 2978 687 3026 nunc
714 2961 857 3042 proxime
886 2959 1022 3026 affutura
1053 2959 1117 3043 (vel
1147 2977 1230 3025 nunc
1251 2957 1438 3042 praeterito)
1462 2960 1502 3025 ad

313 3063 407 3127 unius
429 3064 502 3128 anni
525 3064 677 3130 circulum
698 3084 755 3147 pro
777 3065 806 3131 V
828 3065 967 3130 millibus
989 3084 1029 3128 m.
1054 3082 1131 3146 arg,
1161 3061 1203 3127 de
1228 3063 1340 3146 quibus
1362 3063 1433 3147 ipso
1456 3064 1501 3129 lo-

314 3167 446 3234 cationis
476 3169 529 3234 die
557 3168 623 3234 Nos
654 3170 883 3252 expediverrmt
910 3169 944 3233 in
973 3169 1086 3250 pannis
1116 3171 1150 3232 et
1176 3167 1271 3233 rebus
1300 3168 1373 3233 aliis
1392 3186 1454 3250 pro
1477 3167 1501 3234 0

314 3291 408 3339 marc.
432 3292 509 3357 arg,
533 3274 718 3356 solventque
740 3273 781 3338 ad
802 3272 872 3338 dies
897 3272 938 3336 14
959 3277 1033 3338 ante
1062 3272 1147 3338 diem
1167 3273 1197 3339 b.
1221 3271 1350 3340 Martini
1371 3272 1436 3338 400
1460 3293 1499 3338 m.

314 3397 378 3460 arg.
410 3382 442 3443 et
470 3378 502 3442 in
524 3378 667 3457 Quatuor
688 3377 895 3460 Temporibus
924 3382 997 3442 ante
1018 3377 1090 3444 Nat.
1114 3379 1204 3444 Dona
1227 3376 1354 3445 tandan
1383 3377 1502 3444 addent

315 3486 348 3548 et
369 3483 488 3549 dabunt
509 3481 608 3548 Nobis
631 3483 672 3548 ad
693 3483 772 3548 istas
795 3481 861 3548 400
882 3501 1005 3548 marcas
1024 3483 1091 3566 jam
1113 3484 1223 3564 dictas,
1250 3483 1334 3576 quod
1356 3482 1500 3548 omnibus
1574 3508 1575 3521 ¹

315 3587 503 3670 computatis
525 3584 591 3651 Nos
621 3586 661 3652 ad
684 3586 811 3669 plenum
834 3583 1002 3668 expedient
1026 3586 1060 3650 in
1085 3587 1170 3652 1250
1191 3588 1314 3653 marcis.
1357 3587 1438 3652 Item
1468 3588 1499 3652 in
1574 3632 1575 3635 ¹

315 3693 490 3775 septimana
511 3691 653 3774 proxima
675 3693 748 3774 post
769 3689 853 3756 diem
869 3689 1018 3756 Oinerum
1032 3689 1097 3755 Nos
1121 3689 1290 3774 expedient
1309 3685 1497 3756 11125011.

314 3814 398 3877 arg.;
420 3797 497 3860 item
519 3795 552 3859 in
574 3795 655 3860 festo
678 3793 886 3860 Pentecosten
907 3793 973 3860 Nos
1004 3795 1149 3861 similiter
1170 3793 1392 3877 expedientia
1415 3793 1499 3860 1250

314 3919 354 3964 m.
377 3917 461 3980 arg.;
484 3901 561 3965 item
583 3900 779 3965 tantumdem
801 3900 863 3966 vid.
883 3900 967 3968 1250
980 3918 1102 3966 marcas
1122 3900 1244 3982 argenti
1259 3899 1358 3966 Nobis
1380 3897 1500 3964 dabunt

313 4003 347 4068 in
370 4002 453 4086 (tali)
476 4003 567 4069 festo,

418 4107 456 4174 (Ε
471 4106 531 4160 bibl.
550 4109 638 4162 aalide
660 4107 861 4162 Viadoboaenac'z
880 4108 1022 4179 Stemberp.
1046 4108 1106 4161 Urlr.
1124 4108 1179 4177 40.)

416 4282 447 4348 4.
471 4281 536 4348 Nos
552 4282 757 4350 Wenceslaus
772 4283 840 4370 (II.)
861 4304 939 4352 rex.
964 4337 971 4351 .
996 4336 1002 4353 .
1021 4285 1105 4369 quod
1127 4282 1192 4350 Nos
1208 4282 1333 4349 dilectis
1352 4280 1495 4348 fidelibus

315 4383 439 4452 Nostris
462 4385 596 4450 Lutoldo
618 4393 651 4453 et
672 4387 803 4453 Nicolao
824 4387 974 4454 iratribus
996 4389 1036 4452 de
1057 4386 1160 4468 Praga
1180 4404 1301 4454 necnon
1322 4390 1355 4454 et
1369 4385 1495 4452 Alberto
