3225 5017
603 328 703 376 252
1464 320 1595 391 Gap.
1630 319 1723 374 IX.
1741 320 2119 413 'Universitaffi

807 511 1179 567 Johannes
1216 509 1296 566 de
1330 510 1564 566 Leone
1590 510 1853 581 jnnior‚
1885 512 2033 566 baec.
2069 511 2127 566 in
2163 516 2266 566 art.

805 598 1026 654 Jacob
1045 614 1121 653 us
1159 597 1649 654 Orutzebitter
1683 598 1831 657 bace.
1867 599 1924 653 in
1959 605 2060 653 art.

803 686 1140 741 Nicolaus
1179 685 1257 740 de
1291 685 1727 754 Pranestorp
1763 685 1911 741 bacc.
1946 685 2004 740 in
2040 691 2142 740 art.

806 772 1060 828 Petrus
1097 770 1596 828 Czadelmanni
1634 771 1713 828 de
1747 772 2119 828 Tochebus
2158 774 2305 828 hacc.

804 877 1046 932 Tertia
1081 892 1108 931 s
1125 875 1272 931 eria
1306 876 1788 945 professorum
1832 876 2218 946 legentium
2255 881 2406 931 1362.

803 961 1075 1032 (Magistri
1128 960 1327 1015 artium
1380 960 1689 1017 liberalium
1736 961 2057 1017 facultatum
2101 963 2160 1018 in
2205 963 2363 1019 Univ.
2412 961 2589 1033 Prag.‚·
2636 961 2750 1016 filia
2794 967 2983 1018 vestra

594 1050 916 1120 humillima,
949 1054 1142 1105 nostra
1175 1047 1444 1118 plantatio
1481 1048 1713 1117 novella,
1752 1055 1875 1104 actu
1910 1052 2203 1120 regentes).

806 1137 1190 1192 Hermanus
1227 1133 1304 1190 de
1327 1133 1825 1192 Winterswieh
1861 1137 2017 1204 (1355
2056 1151 2196 1207 mag.
2219 1137 2278 1191 in
2304 1142 2423 1206 art„
2457 1137 2515 1191 in
2549 1136 2603 1192 S.
2624 1135 2791 1192 theol.
2816 1134 2983 1205 stud„

600 1231 734 1281 1366
767 1223 1078 1280 Hermanus
1113 1221 1184 1276 de
1215 1221 1586 1293 Winterswyk
1620 1229 1733 1279 nat.
1767 1223 1903 1278 Bav.
1935 1223 1996 1279 in
2032 1223 2262 1294 collegio
2302 1224 2520 1293 Caroli.)

807 1311 968 1367 Otto
1004 1309 1084 1366 de
1118 1308 1470 1366 Werdere.
2639 1332 2652 1338 ·

801 1398 1121 1455 Johanne
1138 1413 1165 1452 s
1211 1396 1290 1451 de
1336 1397 1561 1453 Parim
1608 1397 1788 1454 dictus
1841 1397 2105 1469 Wittep
2125 1397 2390 1470 eningh
2442 1398 2501 1455 in
2549 1405 2649 1456 art.
2704 1403 2761 1454 et
2811 1393 2984 1454 medi-

597 1486 734 1542 cinis
775 1483 1113 1540 licenciatus.

804 1571 1156 1627 Martinus
1205 1569 1350 1628 filius
1387 1571 1596 1628 strenui
1643 1571 1831 1628 militis
1878 1572 1958 1630 Je
1975 1573 2215 1640 sconis
2252 1573 2331 1628 de
2378 1572 2493 1629 We
2510 1589 2577 1629 ss
2594 1573 2790 1643 elicz‚
2838 1587 2984 1642 mag,

594 1661 653 1714 in
690 1666 791 1714 art.
823 1658 996 1728 Paris,
1030 1658 1089 1712 in
1124 1673 1284 1713 sacra
1316 1658 1590 1729 theologia
1627 1658 1876 1729 studens,
1911 1659 2036 1715 cler.
2069 1660 2227 1730 Prag.
2264 1658 2403 1716 dioc.
2440 1660 2624 1731 (Pater
2658 1659 2892 1715 Martini
2916 1689 2986 1698 —

597 1748 634 1802 J
636 1763 762 1802 esco
800 1745 868 1801 de
902 1745 1202 1802 Wesselicz
1237 1776 1303 1786 —
1338 1746 1498 1802 testis
1535 1762 1584 1802 a.
1623 1752 1773 1802 1374.
1809 1747 1963 1803 Libri
1994 1747 2175 1803 Erect.
2211 1747 2257 1803 Ι.
2292 1752 2434 1816 202.)

803 1834 872 1888 W
885 1833 968 1904 yb
983 1831 1095 1887 old
1109 1849 1146 1886 u
1159 1847 1185 1887 s
1221 1833 1341 1888 Stu
1355 1838 1466 1888 ete
1501 1833 1629 1888 cler.
1664 1832 1987 1905 Osnabrug.,
2027 1833 2165 1891 dioc.
2200 1833 2363 1905 Mag„
2410 1833 2470 1888 in
2504 1838 2607 1890 art.
2644 1839 2700 1888 et
2732 1833 2890 1888 bace.
2926 1832 2987 1886 in

595 1921 878 1977 medicina.
1538 1947 1542 1952 ·

802 2007 1183 2063 Heinricus
1219 2008 1667 2078 Bronekowe,
1703 2023 1844 2078 mag.
1877 2008 1935 2063 in
1972 2015 2091 2078 art„
2127 2009 2252 2066 cler.
2291 2007 2647 2065 (laminensis.

804 2097 1070 2166 Quarta
1116 2095 1345 2150 series
1380 2093 1664 2166 profess
1685 2111 1873 2150 orum
1911 2102 2074 2150 1366:

803 2182 1079 2253 (Magistri
1111 2187 1168 2236 et
1200 2179 1454 2251 graduati
1487 2181 1581 2252 qui
1613 2181 1672 2239 in
1707 2182 1899 2237 humili
1930 2183 2299 2239 Universitate
2334 2182 2509 2239 Studii
2528 2181 2820 2252 Pragensis
2847 2187 2983 2236 actu

593 2273 782 2342 legunt
815 2277 871 2326 et
905 2271 1160 2325 laborant
1194 2276 1252 2324 et
1285 2285 1320 2324 a
1353 2269 1538 2325 multis
1575 2271 1916 2340 temporibus
1949 2271 2386 2340 laboraverunt):

797 2358 1146 2414 Henricus
1183 2356 1264 2412 de
1297 2356 1521 2413 Etwat
1555 2355 1637 2412 de
1671 2357 2003 2415 Primisla
2021 2358 2148 2429 via,
2192 2359 2400 2415 Camin.
2435 2359 2592 2426 dioc„
2636 2363 2817 2413 rector
2851 2357 2981 2412 uni-

593 2446 870 2503 versitatis
903 2447 1079 2516 Prag.,
1114 2443 1341 2500 scolaris
1376 2444 1435 2500 in
1462 2445 1590 2514 jure
1626 2460 1745 2501 can.

799 2534 1048 2588 Petrus
1084 2531 1166 2586 de
1201 2531 1570 2588 Kothebuz
1605 2549 1747 2604 mag.
1782 2534 1840 2589 in
1876 2540 1995 2605 art„
2030 2533 2267 2590 Misnen.
2304 2533 2441 2589 dioc.

798 2621 843 2674 B
859 2618 1230 2675 ertholdus
1266 2618 1454 2673 fabri
1489 2619 1568 2676 de
1608 2620 2097 2693 Frankinforg
2146 2621 2273 2677 cler.
2320 2620 2512 2677 Lubic.
2559 2618 2715 2689 dioc„
2760 2619 2978 2675 baceal.

593 2709 650 2763 in
687 2707 914 2777 artibus,
951 2706 1180 2762 scolaris
1215 2706 1273 2761 in
1301 2706 1429 2774 jure
1465 2707 1746 2764 canonico.

801 2793 1075 2864 (Magistri
1108 2799 1165 2849 et
1199 2793 1361 2850 simul
1397 2795 1637 2864 collegae
1672 2795 1901 2866 collegii
1938 2794 2120 2851 Caroli
2131 2795 2168 2864 z)

798 2883 966 2953 Mag.
1000 2881 1228 2937 Fridm
1242 2897 1414 2938 anus
1451 2877 1530 2936 de
1565 2882 1601 2937 S
1616 2882 1784 2953 ytha
1818 2884 1977 2952 (1376
2012 2888 2191 2937 rector
2227 2882 2497 2937 scolarum
2520 2880 2579 2935 in
2602 2879 2975 2951 Hradczano.,

593 2978 743 3027 1380.
777 2971 854 3026 M.
891 2969 1186 3026 canonicus
1222 2969 1476 3026 Omnium
1511 2969 1562 3024 S.
1583 2969 1826 3041 capellae
1847 2975 2137 3040 rectorque
2174 2969 2443 3025 scolarum
2467 2969 2632 3024 castri
2652 2969 2863 3039 Pragen
2871 2969 2975 3024 sis.

588 3060 734 3129 Mag.
769 3057 1135 3116 Fridmannus
1173 3059 1241 3114 de
1277 3060 1471 3114 Castro
1512 3062 1566 3112 et
1598 3057 1637 3113 J
1639 3072 1847 3114 oannes
1886 3058 2100 3113 Gorlicz
2136 3057 2417 3115 sororinus
2454 3058 2593 3126 eJus.
2630 3063 2765 3112 1382
2800 3071 2973 3114 cano-

591 3149 746 3204 nicus
781 3147 1114 3219 Pragensis.)

793 3235 962 3305 Mag.
997 3234 1315 3290 Jenekov
1351 3233 1430 3290 de
1463 3235 1702 3306 Praga.
1741 3242 1875 3292 1393
1908 3235 2056 3307 Mag.
2090 3235 2216 3292 Joh.
2253 3233 2321 3290 de
2355 3235 2533 3304 Praga
2566 3233 2786 3291 domum
2833 3234 2975 3288 emit

589 3339 719 3394 erga
752 3324 841 3381 W.
873 3323 1194 3394 Massane03
1228 3323 1423 3380 domus
1459 3323 1709 3393 magistri
1742 3323 2048 3380 Hannussii
2082 3323 2149 3380 de
2185 3329 2367 3379 castro
2404 3321 2727 3392 (Pragensi).

794 3410 963 3481 Mag.
1001 3409 1339 3467 Nicolaus
1375 3409 1454 3466 de
1488 3410 1825 3467 Moravia.

795 3497 966 3569 Mag.
1001 3496 1361 3569 Dytherus
1398 3495 1477 3552 de
1514 3496 1823 3555 Widena.

794 3588 966 3659 Mag.
1001 3588 1348 3648 Henricus
1383 3586 1652 3644 Woleri
1687 3585 1833 3656 (vide
1870 3587 2078 3657 supra).

796 3768 852 3832 1.
945 3765 1388 3833 Concessio
1448 3763 1726 3830 Studii
1786 3762 2217 3847 generalis
2274 3761 2589 3843 Pragae
2645 3759 2967 3826 instau-

585 3872 824 3938 randi
867 3890 906 3938 a
949 3870 1157 3936 Sede
1199 3869 1699 3952 Apostolica
1741 3867 1951 3932 data.
2001 3867 2186 3933 1347.
2250 3865 2353 3932 24.
2399 3862 2804 3931 Januarii.

794 3975 1082 4042 Clemens
1142 3974 1497 4058 episcopus,
1557 3990 1780 4040 servus
1825 3990 2154 4040 servorum
2194 3971 2335 4038 Dei.

789 4080 893 4146 Ad
934 4083 1307 4163 perpetuam
1347 4080 1443 4148 rei
1484 4078 1869 4146 memoriam.

785 4186 860 4250 In
905 4203 1201 4268 suprema
1243 4184 1570 4267 dignitatis
1631 4184 2018 4268 apostolicae
2077 4181 2353 4266 specula,
2422 4197 2805 4264 quamquam
2864 4179 2962 4245 in-

584 4289 1043 4357 sufficientibus
1102 4290 1363 4373 meritiS,
1432 4289 1686 4356 divinae
1744 4289 2233 4373 dispensationis
2292 4305 2551 4352 munere
2612 4284 2959 4366 constituti,

585 4395 666 4461 ad
710 4397 1038 4462 universas
1082 4393 1367 4462 fidelium
1406 4396 1717 4478 regioneS,
1766 4412 2110 4476 eorumque
2152 4391 2471 4476 profectus
2502 4395 2569 4457 et
2612 4389 2956 4470 commoda,
