3225 5017
522 347 586 418 Gap.
605 347 651 404 VI.
671 347 726 404 Res
745 351 905 406 monetaria.
1263 355 1311 404 161

113 545 465 629 ...praecipimus
499 549 535 608 ut
566 545 702 628 praefati
738 548 923 612 monasterii
957 547 1101 614 homines
1134 549 1313 613 nullatcnus

110 649 289 714 molestetis
323 653 432 714 contm
466 643 659 732 praemissas
693 652 813 732 gratias
846 653 1038 718 libertatum.
1086 652 1158 718 Dat
1190 652 1312 734 Pragae

112 773 139 818 a.
167 753 282 819 1276.
307 804 314 819 .
340 804 347 819 .

220 857 336 922 (Dobncr
354 859 425 912 Mon.
451 857 492 912 VI.
511 862 570 912 390.
590 888 623 898 -
642 859 711 912 Emi.
729 861 766 912 II.
788 861 875 926 1009.)

218 965 247 1030 6.
274 964 366 1030 1275.
383 963 532 1048 331331.
547 964 707 1031 Otakarus
718 983 773 1030 rex
783 981 794 1030 ·.
809 1017 816 1030 .
829 1017 836 1031 .
849 971 959 1032 notum
974 971 1044 1048 eta,
1061 969 1146 1049 quod
1160 968 1313 1035 fabricam

110 1073 258 1134 monetae
280 1067 416 1135 Nostrae
437 1069 471 1133 in
500 1070 621 1152 Iglavia
651 1089 722 1136 cum
754 1071 900 1136 omnibus
930 1056 1116 1152 attinentiis,
1147 1092 1230 1156 quae
1258 1074 1310 1138 his

109 1175 277 1241 retroactis
298 1174 493 1256 temporibus
517 1179 749 1240 consueverunt
765 1176 898 1260 habere,
923 1177 978 1260 qui
994 1178 1139 1243 eamdem
1159 1178 1313 1244 fabricam

110 1281 291 1358 tenuerunt,
324 1277 469 1343 daroscio
502 1276 567 1343 filio
596 1277 755 1346 Ebrhardi
792 1281 937 1363 magistri
966 1287 1112 1348 monetae
1128 1283 1218 1349 'olim
1255 1302 1313 1365 per

110 1383 284 1463 Boemiam,
316 1382 493 1448 Hartmudo
524 1401 640 1465 genero
670 1383 801 1450 Hemici
830 1383 904 1451 Albi
936 1386 1015 1452 civis
1048 1387 1245 1470 Iglariensis,
1280 1391 1313 1452 et

110 1487 279 1554 Ebrhardo
308 1487 399 1553 fratri
438 1489 517 1554 ciris
555 1487 664 1555 Nostri
694 1488 735 1553 de
766 1489 947 1572 Chazlavia,
982 1491 1037 1573 qui
1072 1493 1310 1576 cognominatur

110 1591 301 1676 Episcopus,
325 1590 471 1658 fidelibus
494 1592 630 1674 Nostris,
654 1612 691 1659 ac
714 1594 887 1660 heredibus
909 1595 1051 1677 ipsorum
1066 1596 1217 1679 legitimis
1239 1615 1312 1681 per·

110 1700 209 1778 petuo
216 1695 442 1778 possidendam
451 1697 673 1778 concessimus,
688 1699 841 1779 volentes,
854 1699 939 1781 quod
949 1701 1102 1782 magister
1111 1706 1257 1767 monetae
1268 1729 1323 1751 -·

109 1818 166 1866 eos
188 1802 222 1866 in
240 1802 365 1884 juribus
388 1803 467 1884 ipsis
494 1802 609 1869 debitis
640 1807 673 1868 et
695 1805 855 1868 consuetis
884 1821 947 1868 non
969 1804 1085 1870 debeat
1108 1805 1309 1890 aliquatenus

109 1906 274 1988 impedire.
320 1905 362 1970 Et
392 1907 477 1994 quod
507 1907 593 1972 idem
622 1906 796 1988 Jaroscius,
836 1906 1033 1973 Hartmudus
1062 1908 1096 1973 et
1124 1909 1310 1976 Ebrhardus

109 2029 149 2075 33
170 2011 312 2092 ipsorum
334 2011 467 2076 heredes
488 2013 575 2076 nulla
597 2013 660 2078 alia
678 2013 753 2096 jura
775 2012 837 2078 sibi
870 2013 904 2077 in
926 2012 1038 2078 eadem
1060 2013 1188 2095 fabrica,
1212 2034 1309 2098 quam

111 2135 255 2198 eaquae
285 2115 331 2180 hii
362 2117 417 2198 qui
445 2119 616 2181 tenuerunt
646 2117 779 2182 eandem
808 2116 962 2182 hactenus
993 2119 1158 2184 retroactis
1188 2124 1310 2203 tempo·
1372 2132 1374 2135 ·

106 2221 207 2299 ribus,
230 2220 380 2298 habuisse
401 2225 582 2301 noscuntur,
605 2222 727 2286 ratione
749 2221 930 2306 hujusmodi
955 2224 1166 2304 possessionis
1180 2224 1306 2317 heredi-

107 2325 211 2390 tariae
233 2325 372 2390 audeant
394 2344 558 2408 usurpare,
591 2344 663 2392 cum
692 2325 758 2391 Nos
790 2327 838 2391 eis
869 2327 986 2391 dictam
1015 2325 1167 2393 fabricam
1198 2348 1309 2395 conce-

108 2430 247 2495 dendam
269 2431 453 2496 duxerimus
475 2432 596 2514 absque
618 2432 760 2514 qualibet
780 2431 922 2497 novitate
949 2436 982 2496 et
1002 2450 1065 2496 non
1097 2433 1191 2499 aliter
1213 2454 1307 2518 quam

108 2552 259 2617 possessa
280 2534 341 2600 fuit
362 2555 421 2618 per
443 2536 522 2602 alios
550 2536 718 2602 retroactis
740 2536 946 2618 temporibus,
969 2555 1028 2619 per
1049 2554 1103 2602 eos
1133 2537 1173 2601 de
1202 2543 1307 2603 cetero

107 2638 342 2722 possidendam.
377 2639 532 2707 Volumus
555 2660 690 2725 quoque,
727 2641 840 2722 quodsi
863 2640 981 2704 sermm
1004 2641 1147 2724 ejusdem
1167 2642 1308 2708 fabricae

107 2745 150 2809 ad
181 2745 277 2811 aliam
307 2746 468 2812 civitatem
497 2748 549 2812 vel
579 2747 676 2812 alium
712 2745 885 2828 quemlibet
914 2746 1019 2811 locum
1042 2764 1139 2811 causa
1168 2747 1233 2812 odii
1255 2749 1306 2813 vel

106 2850 294 2916 inimicitiae
317 2853 368 2917 vel
389 2851 664 2934 propteraliquas
686 2850 894 2915 necessitates
916 2849 1157 2931 transferretur,
1172 2852 1305 2917 nichilo-

107 2954 213 3018 minus
237 2953 314 3020 dicti
335 2954 376 3034 J,
407 2953 447 3018 H.
472 2957 505 3018 31
534 2953 570 3018 Ε.
602 2953 754 3020 fabricam
782 2955 817 3018 in
846 2972 884 3018 eo
910 2956 989 3036 loco,
1012 2954 1055 3020 ad
1076 2973 1306 3041 quemcumque

105 3057 227 3122 ferrum
259 3058 447 3124 translatum
487 3058 593 3140 fuerit,
631 3057 766 3124 debeant
801 3075 913 3123 secure
946 3077 984 3123 33
1017 3060 1086 3124 sine
1118 3058 1305 3127 difficultate

107 3162 217 3245 aliqua
238 3163 419 3246 possidere3
443 3167 475 3228 et
498 3163 582 3244 quod
604 3163 739 3246 praefati
762 3182 799 3229 ac
821 3165 988 3229 monetarii
1004 3165 1146 3248 ejusdem
1164 3166 1304 3232 fabricae

105 3266 229 3332 eisdem
240 3267 365 3350 juribus
380 3268 548 3348 gaudeant,
564 3267 678 3350 quibus
693 3268 828 3334 aliarum
841 3268 1033 3335 fabricarum
1048 3271 1215 3336 monetarii
1230 3290 1301 3353 per-

106 3371 265 3451 fruuntur,
279 3389 360 3453 quae
376 3374 449 3435 sunt
462 3389 521 3453 per
535 3370 710 3437 Moraviam
727 3373 925 3439 constitutae.
938 3373 1008 3439 Act
1022 3378 1054 3438 ct
1064 3374 1127 3440 dat
1141 3373 1301 3441 Brumae..

214 3473 370 3544 (Steruberq,
388 3475 410 3527 I.
429 3477 470 3538 2.‚·
488 3505 521 3513 —
539 3474 639 3528 Bocaolc
656 3477 675 3526 I
678 3477 703 3529 V.
722 3480 781 3544 163,
800 3476 890 3530 Emler
908 3479 944 3530 ΙΙ.
963 3481 1033 3544 984.)

171 3585 173 3593 ’
215 3599 242 3662 7.
256 3597 841 3666 Locatiomonetaeeturburae
857 3601 1135 3683 perBoemiam
1147 3556 1192 3670 33.
1208 3603 1299 3670 1286.

214 3701 253 3768 (E
263 3701 348 3754 codice
360 3701 561 3770 Rapiomontcuo
573 3711 597 3756 ct
608 3703 751 3756 chucorcis
766 3705 798 3757 dc
814 3704 928 3758 metesa.
940 3736 974 3744 —-
987 3706 1122 3775 Simberp
1139 3708 1199 3760 Urk.
1212 3712 1254 3762 26.
1268 3739 1301 3747 —

108 3783 170 3842 coa:
182 3791 208 3857 j.
230 3789 261 3841 Β.
280 3789 301 3841 Ι.
323 3789 375 3856 76.)

213 3893 241 3958 8,
266 3890 441 3958 Locat'io
464 3899 653 3960 monetae
676 3916 747 3978 per
769 3896 1005 3963 Moraviam.
1032 3897 1085 3964 Ga.
1111 3899 1204 3965 1286.

212 3996 346 4063 (1133άὶ33
359 3995 559 4066 Regiomonturco
572 4005 596 4051 ct
608 3999 750 4052 chnconia
762 4002 794 4054 de
810 4001 924 4056 1131333.
937 4031 970 4039 -
982 3999 1118 4072 Stcmbcrp
1136 4003 1197 4056 Urlc.
1209 4006 1252 4056 27.
1266 4033 1300 4041 -

106 4085 168 4139 cod.
180 4086 207 4154 j.
225 4085 259 4138 Β.
277 4085 300 4138 Ι.
320 4084 372 4152 77.)

212 4209 240 4274 9.
261 4207 351 4272 1291.
366 4206 418 4272 24.
431 4205 501 4272 031.
514 4205 783 4276 Wenceslaus
796 4230 867 4277 rex.
877 4261 902 4277 ..
916 4211 1038 4278 civibus
1049 4211 1260 4294 Egrensibus
1272 4263 1296 4278 ..

104 4312 210 4379 omnia
229 4312 310 4395 jura,
340 4311 513 4392 libertates,
544 4313 663 4394 gratias
694 4317 726 4379 ot
756 4316 922 4397 privilegia
945 4366 952 4380 .
978 4367 984 4381 .
1009 4367 1016 4382 .
1038 4334 1198 4382 concessa
1220 4317 1297 4381 rati-

103 4417 187 4496 ficat,
211 4414 373 4499 adjiciens,
401 4417 454 4498 ,ut
475 4434 533 4499 per
553 4420 655 4482 totum
677 4418 765 4500 regni
787 4419 896 4484 Nostri
919 4419 1071 4487 ambitum
1094 4421 1190 4485 iidem
1211 4406 1297 4485 cives

157 4525 234 4568 Codex
247 4526 269 4578 J.
282 4525 306 4567 B.
320 4526 349 4568 11.
362 4530 382 4568 3.
1142 4529 1174 4576 11
