3225 5017
254 386 306 435 ιιι
514 379 516 387 ’
693 346 758 449 Cap.
775 376 822 431 IX.
839 351 1018 432 Universitas.

357 576 385 639 9.
420 572 476 639 De
497 571 657 656 injuria
679 571 794 637 facta
816 570 929 636 inter
950 570 1151 651 collegas.
1197 567 1231 634 Si
1259 564 1331 651 quis
1355 568 1452 635 colle-

251 698 361 763 garum
383 678 531 761 injuriam
553 678 649 744 uerbo
672 680 728 743 aut
749 671 833 741 facto
856 679 912 741 ιιι
930 694 1026 741 manu
1041 673 1181 739 uiolenta
1197 665 1291 739 alteri
1306 674 1449 755 collegae

253 781 428 863 leceritst
397 786 483 849 stare
506 783 601 849 debet
622 781 786 849 dictamini
812 780 1004 864 Collegiiet
989 780 1127 846 tsubici
1150 780 1284 845 sentent
1274 799 1325 845 ιιι
1346 797 1384 844 ac
1398 779 1453 863 ju-

253 886 335 952 dicio
358 886 491 963 aliorum
511 888 726 969 praesentium
742 886 943 968 collegarum
970 883 1093 963 Quodsi
1109 887 1181 949 cont
1182 884 1299 984 umacit
1300 902 1335 954 er
1285 881 1453 949 tsubici

253 991 389 1056 noluerit
375 980 555 1074 trequisit
556 1010 593 1056 us
615 991 729 1073 primo,
751 990 982 1055 secundoett
967 989 1073 1069 tertio,
1107 1008 1166 1072 per
1188 992 1291 1055 secret
1291 1007 1345 1054 um
1379 986 1453 1053 Gol-

253 1095 329 1177 legii
347 1095 516 1178 judicium
526 1116 545 1161 a
568 1094 709 1177 Collegio
733 1094 928 1161 excludatur.
952 1093 986 1158 Si
1010 1096 1081 1177 quis
1104 1094 1202 1159 etiam
1229 1093 1378 1159 damnum
1395 1095 1453 1156 aut

254 1198 382 1265 violent‘
359 1204 437 1281 ιιιιιι
460 1200 567 1266 domui
591 1199 725 1282 Collegit
748 1198 888 1285 aliquam
908 1198 1030 1280 lecerit,
1054 1198 1150 1265 simili
1176 1182 1352 1263 sententiae
1378 1195 1453 1268 sub-

252 1302 380 1386 iacebit.

195 1526 197 1531 Ι
361 1444 411 1509 10
446 1442 503 1509 De
522 1443 673 1508 domus
703 1442 927 1509 inhonesta
933 1442 1057 1507 tione
1105 1439 1139 1510 si
1164 1440 1236 1523 quis
1259 1381 1454 1523 collegarum

255 1548 394 1631 aliquam
415 1546 578 1613 infamiam
600 1551 656 1613 aut
641 1546 876 1613 dehonestat
853 1551 970 1612 t1onem
992 1545 1088 1612 verbo
1112 1546 1164 1612 vel
1186 1545 1302 1611 facto
1293 1565 1326 1612 m
1349 1545 1454 1612 Colle-

255 1651 342 1733 gium
364 1654 422 1731 ιιι
446 1652 574 1718 domum
604 1652 738 1734 Collegit
767 1650 964 1733 irrogaverit,
995 1654 1051 1715 aut
1073 1654 1254 1733 suspectam
1286 1650 1453 1716 mulierem

258 1756 309 1822 uel
329 1756 478 1822 ancillam
498 1756 532 1821 in
555 1756 607 1822 die
630 1759 686 1823 aut
706 1750 798 1821 nocte
821 1755 854 1820 in
876 1756 1004 1821 domum
1026 1758 1082 1820 aut
1107 1773 1264 1821 cameram
1295 1755 1454 1833 subintro-

257 1860 392 1943 duxerit
415 1865 472 1926 aut
493 1881 565 1927 cum
587 1881 625 1928 ea
647 1859 681 1926 in
704 1856 796 1925 dom‘o
820 1857 955 1943 Collegit
987 1860 1124 1925 dormire
1154 1854 1316 1925 conuictus
1346 1858 1453 1955 fuerit,

257 1964 353 2029 etiam
376 1966 472 2032 simili
495 1962 671 2032 sententiae
695 1960 880 2048 subjacebit
903 1964 948 2030 Et
971 1984 1042 2029 cum
1060 1964 1200 2046 collegae
1222 1964 1279 2029 tali
1299 1980 1455 2029 censurae

258 2070 421 2153 subjacere
443 2070 599 2152 debeant,
565 2071 737 2135 temnino
759 2070 793 2134 in
816 2070 921 2135 causis
943 2068 1100 2134 similibus
1126 2069 1279 2135 adversus
1308 2069 1455 2153 ipsorum

258 2190 365 2239 servos
388 2192 459 2238 non
474 2174 620 2239 convenit
641 2192 772 2275 parcere
800 2173 1006 2266 severitati

361 2314 411 2377 11.
455 2313 512 2377 De
540 2317 604 2378 rat
611 2313 703 2377 ione
733 2312 928 2379 facienda
958 2270 1256 2396 apraeposito.
1307 2288 1455 2391 Quilibet

254 2417 401 2500 praeposi
403 2422 455 2483 tus
484 2421 557 2499 post
585 2417 755 2483 terminum
783 2435 861 2482 suae
890 2413 1093 2497 executionis
1124 2422 1157 2483 et
1179 2416 1343 2499 signanter
1365 2415 1451 2481 infra

255 2540 353 2590 unum
380 2538 521 2591 mensem
553 2524 626 2603 post
611 2520 709 2587 ιιιιι
696 2527 764 2593 tum
792 2520 824 2586 S.
849 2520 943 2603 Galli,
977 2521 1018 2587 de
1039 2526 1172 2605 percept
1173 2522 1201 2587 ιι
1233 2526 1266 2586 ιι
1299 2521 1455 2603 expositis

255 2626 288 2689 in
310 2625 443 2707 singulis
465 2626 645 2707 praeteritis
675 2626 863 2708 septimanis
895 2626 991 2692 debet
1019 2644 1124 2693 coram
1158 2626 1281 2697 duobus
1315 2624 1454 2691 aedituis

139 2754 140 2763 ι
258 2734 291 2794 ιι
311 2748 393 2801 nouo
417 2730 517 2795 electo
541 2731 722 2819 praeposito
743 2730 850 2797 facere
873 2729 1013 2825 debitam
1027 2716 1191 2797 rationem.
1215 2730 1249 2796 Si
1264 2748 1339 2795 vero
1359 2747 1454 2793 oceu-

256 2835 346 2908 rente
367 2834 548 2903 rationabili
570 2854 667 2919 causa
688 2854 708 2901 a
731 2826 873 2917 collegio
895 2840 1079 2922 moreretur,
1096 2836 1213 2912 ,etiam
1233 2837 1308 2919 post
1336 2832 1454 2898 festum

258 2936 289 3002 S.
314 2935 443 3019 Georgii
464 2938 545 3004 infra
567 2959 665 3004 unum
685 2955 825 3005 mensem
848 2958 918 3005 eam
939 2939 1045 3006 facere
1074 2939 1143 3005 sine
1171 2939 1371 3006 recusatione
1401 2942 1454 3003 te·

258 3040 392 3135 rebitur.
415 3042 458 3106 Et
480 3043 507 3107 si
531 3042 608 3129 quid
631 3043 670 3108 de
691 3043 852 3126 perceptis
867 3044 1063 3124 remanserit,
1085 3044 1170 3108 inter
1189 3033 1333 3125 collegas¹
1346 3041 1455 3107 distri-

257 3146 374 3210 buatur
402 3144 453 3211 ιιι
481 3146 514 3211 in
535 3144 656 3212 ‘fiscum
686 3143 820 3231 Collegit
851 3147 1035 3231 deponatur.
1081 3146 1116 3212 Si
1145 3166 1221 3213 ιιιο
1251 3146 1456 3229 praepositus

258 3250 342 3314 ultra
374 3252 525 3333 percepta
557 3251 591 3315 in
624 3250 776 3333 expositis
811 3270 885 3316 cum·
916 3254 998 3317 scitu
1031 3257 1064 3318 et
1094 3267 1228 3318 assensu
1260 3250 1455 3332 collegarum

259 3356 541 3471 supererogaverit,
565 3374 622 3438 per
644 3356 839 3438 singulorum
862 3357 1054 3439 collegarum
1077 3356 1340 3422 contributionem
1361 3373 1456 3438 prae-

256 3458 362 3539 posito
388 3457 590 3529 ι·.·ιιιιιιιιιιι
827 3444 830 3454 ’

364 3599 414 3663 12.
438 3599 494 3685 De
517 3618 766 3666 camerarum
788 3601 1091 3684 inspectione
1082 3620 1121 3666 ιιι
1135 3599 1344 3685 Collegio
1382 3597 1455 3665 Sin-

259 3680 341 3785 gulis
365 3708 501 3785 quatuor
523 3704 707 3785 septimanis
730 3705 931 3791 praepositus
949 3708 1092 3796 tempore
1109 3722 1187 3769 suae
1202 3704 1366 3787 praeposit
1365 3724 1454 3784 urae,

259 3824 331 3870 curn
353 3806 414 3871 sibi
437 3806 675 3872 convenientius
697 3808 818 3874 ridebit
804 3814 865 3889 tur,
890 3827 962 3874 cum
987 3809 1124 3874 aedituis
1152 3808 1258 3875 omnia
1289 3810 1456 3874 commoda

260 3928 316 3975 ιιι
332 3912 494 3977 conclavia
510 3912 622 3977 domus
636 3912 796 3977 tenebitur
811 3914 1002 3996 conspicere,
1018 3932 1059 3977 ne
1073 3913 1454 4002 aliquod-detrimentum,

258 4018 292 4077 ιι
314 4014 494 4097 specialiter
516 4016 556 4081 ab
578 4017 661 4099 igne,
693 4017 804 4081 domus
828 4016 962 4099 Collegit
983 4018 1140 4099 patiatur,
1170 4018 1203 4081 in
1233 4018 1324 4101 cujus
1351 4035 1455 4083 reme-

260 4116 347 4182 dium
368 4118 503 4199 quilibet
524 4121 707 4203 principalis
730 4141 786 4204 pro
809 4126 952 4204 tempore
973 4120 1112 4204 hiemali,
1144 4122 1203 4187 sub
1224 4141 1328 4206 poena
1358 4122 1455 4187 unius

259 4222 388 4303 nummi,
412 4223 545 4315 singulis
567 4224 712 4290 noctibus
735 4224 896 4289 tenebitur
918 4226 959 4290 ad
981 4226 1085 4290 minus
1107 4244 1210 4309 aquae
1223 4227 1346 4309 pintam
1361 4225 1455 4291 dimi-

258 4324 344 4388 diam
367 4328 399 4391 in
421 4346 479 4393 suo
503 4329 666 4393 commodo
689 4346 745 4393 seu
769 4329 911 4394 conclaui
933 4334 1077 4411 paratam
1097 4330 1224 4396 habere.
1247 4328 1314 4396 Nec
1335 4330 1455 4411 aliquis

258 4428 291 4491 in
314 4429 600 4516 locissuperarum
631 4432 688 4497 sub
719 4432 813 4497 tectis
836 4433 975 4515 aliquem
1003 4434 1110 4517 ignem
1130 4435 1249 4500 habere
1278 4432 1373 4499 debet
1401 4433 1455 4498 uel
