3225 5017
645 347 744 395 102
1476 342 1605 412 Cap.
1643 342 1739 396 III.
1775 341 1885 396 Res
1923 342 2201 396 militareS.
2265 413 2284 423 Η

634 532 801 598 fatos
849 532 1181 599 Chodones
1228 538 1447 599 contra
1490 534 1855 618 hujusmodi
1885 533 2119 598 Nostra
2164 537 2403 600 statuta
2446 552 2571 598 nou
2618 534 2888 600 debeant
2929 535 3021 598 in-

639 642 828 704 antea
872 655 1234 719 aggravare.
1281 638 1426 703 Dat.
1475 637 1720 719 Pragae
1766 637 1951 702 1325.
1999 635 2182 702 XVII
2223 636 2366 703 Kal.
2414 636 2563 720 Apr.

851 742 1051 807 (Emzer
1086 742 1188 793 HI.
1225 744 1402 810 1049).
1600 745 1605 754 ·

861 845 1210 901 Chodonibus
1260 847 1426 914 hujus
1475 852 1688 901 turmae
1736 845 2133 902 adnumerandi
2181 852 2311 901 sunt
2356 845 2566 911 incolae
2613 845 2717 899 loci
2766 845 3026 914 Vre-why,

637 949 868 1001 quorum
898 933 1135 988 officium
1161 940 1279 988 erat
1302 950 1494 989 nemus
1523 935 1638 989 sive
1670 934 1860 988 silvam
1894 927 2198 988 liminarem
2235 932 2364 987 dato
2400 948 2533 987 casu
2570 932 2888 987 obstruendi
2922 937 3026 1001 (za-

612 1020 847 1090 ,rubitix
882 1019 1062 1074 Hodie
1086 1019 1395 1074 Neumarkt
1427 1022 1588 1090 (374).
1616 1053 1682 1060 -
1707 1020 2004 1075 Addenda:
2039 1021 2294 1075 Trhanov
2311 1038 2380 1072 z
2402 1019 2837 1075 Chodenschloss
2864 1021 3027 1089 (374),

592 1114 595 1119 ’
641 1105 1304 1175 Chodoszeigelshof
1336 1109 1504 1178 (374),
1538 1109 1694 1163 Stra}
1716 1127 1785 1160 z
1807 1108 2153 1163 Hochwartel
2192 1110 2353 1174 (375).

845 1249 1133 1315 Turma
1199 1252 1565 1316 secunda
1625 1250 1722 1315 ad
1774 1249 2171 1333 oppidum
2214 1248 2449 1314 Strai
2494 1248 3023 1331 (Neustadtl).

850 1389 1036 1471 1331.
1118 1388 1451 1455 Chodones
1497 1408 1647 1455 vero
1695 1393 1761 1454 et
1802 1388 2175 1454 Theutonici
2208 1389 2753 1454 ‘circumsedentes
2789 1390 3029 1473 judicia

641 1511 758 1560 sua
803 1495 973 1577 apud
1019 1495 1368 1577 oppidanos
1415 1495 1479 1560 in
1526 1494 1741 1559 Strazz
1779 1493 2014 1560 habere
2046 1494 2294 1573 debent,
2342 1494 2508 1558 sicut
2550 1495 2729 1577 prius
2775 1498 2839 1558 et
2881 1494 3027 1559 hac-

639 1603 824 1664 tenus
869 1597 1008 1664 fieri
1053 1604 1118 1664 et
1163 1602 1547 1665 consuetum.
1598 1598 1777 1664 Stra}
1806 1595 1885 1659 ss
1910 1598 2249 1667 Neustadtl
2295 1598 2491 1682 (395).

849 1704 1006 1766 (Emz.
1042 1703 1147 1754 ΠΙ.
1185 1704 1362 1770 1809.)

846 1824 1142 1890 Turma
1184 1802 1484 1891 tertia:
1530 1824 2165 1890 TachoviensiS.

851 1963 1034 2029 1365.
1082 1963 1224 2029 List
1269 1969 1376 2028 ciS.
1431 1962 1648 2042 Karla,
1694 1982 1734 2027 v
1778 1963 1959 2027 nemi
2006 1981 2175 2028 uroz.
2224 1963 2650 2029 Bohuslavovi
2696 1984 2771 2029 ze
2817 1947 3029 2031 ἑνω-

638 2068 836 2134 herka
881 2089 919 2134 a
955 2069 1106 2152 jeho
1153 2067 1442 2135 dedicom
1486 2067 1771 2151 zapisuje
1815 2069 1900 2132 60
1944 2068 2005 2133 k.
2054 2087 2143 2150 gr.
2176 2088 2211 2132 z
2244 2067 2634 2149 duochodov,
2682 2071 2783 2134 tei
2829 2070 3025 2134 uroka

639 2171 896 2237 rocniho
955 2193 1039 2238 na
1095 2175 1298 2238 mesto
1359 2172 1648 2251 Tachov3
1716 2171 1891 2254 pakli
1947 2176 2014 2237 to
2076 2173 2278 2238 mesto
2338 2176 2511 2258 myta
2562 2174 2758 2238 toliko
2822 2175 3029 2256 platiti

637 2282 841 2357 nema,
900 2277 1096 2360 tehdy
1140 2278 1392 2342 ostatek
1447 2295 1533 2342 na
1575 2277 1674 2342 vsi
1725 2275 1953 2341 iecene
1983 2276 2056 2341 N
2058 2275 2429 2360 ovo-Chody
2474 2277 2540 2360 (i.
2592 2296 2643 2342 6.
2696 2277 3027 2343 Chodones

641 2382 813 2463 novi)
858 2383 1068 2446 temni
1113 2383 1322 2447 mestu
1367 2381 1670 2465 prileffiici.
1718 2419 1806 2428 —
1848 2381 1989 2446 List
2034 2387 2141 2446 cis.
2189 2381 2388 2446 Karla
2436 2380 2760 2448 Ctiborovi
2803 2403 2839 2446 z
2870 2383 3030 2448 Dra-

643 2487 822 2550 Zovic
865 2506 948 2551 na
991 2505 1104 2552 ves
1147 2485 1420 2551 recenou
1466 2485 1982 2567 Marsch—Koten,
2035 2486 2319 2550 ktereito
2365 2486 2652 2568 polovice
2695 2487 2843 2569 bylo
2886 2487 3032 2552 kra-

641 2586 866 2656 lovs'ka
889 2611 927 2655 a
952 2591 1225 2673 polovici
1270 2591 1490 2674 koupil
1521 2610 1563 2654 u
1593 2589 2050 2675 Tachovskych
2079 2589 2295 2674 (Arch.
2321 2590 2369 2655 Ι.
2395 2590 2691 2673 Registra
2724 2594 2823 2657 76.
2862 2592 3028 2673 172).

850 2695 1024 2747 Hodie
1059 2696 1425 2748 Maschakoten
1463 2696 1627 2762 (399).

850 2834 1142 2899 Turma
1187 2839 1519 2917 quarta:
1569 2835 2006 2902 Chodones
2051 2835 2400 2916 antiqui.

856 2973 1039 3038 1213.
1132 2972 1437 3039 Homines
1495 2976 1561 3039 in
1607 2974 1806 3056 Tepla
1851 2977 1917 3037 et
1959 2974 2025 3038 in
2069 2977 2201 3037 toto
2264 2973 2532 3037 circuitu
2578 2975 2744 3038 circa
2805 2974 3027 3039 silvam

651 3081 1127 3157 commorantes,
1176 3079 1403 3159 quibus
1447 3083 1697 3162 portam
1756 3081 1965 3142 terrae
2012 3081 2077 3141 et
2134 3077 2381 3142 munire
2426 3081 2491 3142 et
2537 3077 2856 3143 custodire
2902 3075 3028 3141 suf-

647 3177 822 3245 ficiat
867 3180 1042 3265 (Erb.
1091 3181 1139 3246 I.
1174 3183 1348 3261 548).
1398 3182 1596 3247 Loca:
1647 3182 1963 3248 Chodowa
1992 3181 2190 3247 Plana
2220 3182 2418 3265 (400).
2470 3181 2821 3262 ChodoneS,
2871 3180 3032 3246 Cho-

642 3285 836 3349 dones
883 3286 1144 3368 antiqui,
1194 3285 1432 3370 Chody,
1484 3286 1994 3351 Hinter-Kotten.
2070 3287 2236 3352 1359
2281 3288 2348 3351 in
2394 3286 2817 3366 Chodonibus,
2867 3284 3032 3350 1405

642 3391 708 3453 in
751 3389 1049 3472 Antiquis
1106 3389 1528 3456 Chodonibus.
1594 3391 1859 3457 Carolus
1918 3410 2029 3455 rex
2087 3390 2297 3455 dictae
2360 3391 2667 3457 ecclesiae
2710 3395 3027 3474 patronus,

645 3494 811 3558 1405
858 3495 996 3576 ipse
1034 3512 1146 3558 rex
1182 3497 1288 3577 jus
1333 3498 1707 3579 patronatus
1755 3495 2105 3559 dinoscitur
2148 3495 2450 3560 obtinere.
2498 3533 2585 3542 -
2620 3474 2825 3582 I'Jjezd
2872 3493 3032 3558 Cho-

642 3597 876 3662 donum
924 3598 1141 3680 (400):
1207 3598 1372 3665 1357
1433 3601 1500 3665 in
1557 3599 1777 3681 Vgezd
1840 3598 2229 3680 Chodonum,
2295 3600 2462 3664 1363
2518 3601 2585 3665 in
2631 3597 3032 3664 Chodonibus

642 3701 724 3765 ad
769 3700 828 3766 S.
880 3700 1166 3782 Crucem,
1217 3705 1648 3769 1376—1380
1694 3704 1963 3768 ecclesia
2012 3702 2233 3768 Crucis
2277 3703 2345 3768 in
2393 3702 2815 3782 Chodonibus,
2870 3701 3030 3766 1408

646 3806 914 3871 ecclesie
959 3805 1019 3872 S.
1070 3806 1292 3872 Crucis
1336 3809 1403 3872 in
1447 3807 1668 3890 Vgezd
1715 3807 2102 3874 Chodonum.
2153 3807 2531 3874 Patronatus
2578 3807 2805 3888 regius,

857 3910 1152 3962 Hodiedum
1188 3911 1588 3980 Heiliyenkreuz
1627 3915 1789 3979 (400).

850 4048 1144 4114 Turma
1194 4052 1522 4134 quinta:
1568 4053 1657 4119 In
1702 4054 2141 4135 provincia
2186 4052 2379 4115 olim
2425 4051 2930 4117 Zedlicensi.

854 4189 1021 4253 1196
1066 4190 1132 4253 in
1176 4190 1502 4272 provincia
1546 4191 1799 4256 Zedlicz
1849 4191 2069 4257 Codou
2116 4210 2258 4256 cum
2302 4188 2536 4256 finibus
2583 4191 2716 4255 suis
2764 4195 2828 4255 et
2872 4192 3037 4255 ultra

643 4312 784 4357 eain
827 4294 1218 4376 provinciam
1265 4295 1580 4377 Meringin
1626 4292 1801 4379 (Erb.
1851 4295 1899 4360 I.
1948 4298 2124 4376 430).

847 4397 1018 4449 Hodie
1059 4397 1273 4450 Obodan
1311 4400 1474 4463 (414.)
