3225 5017
546 289 611 362 Cap.
629 291 676 346 VI.
693 291 749 348 Res
769 295 931 348 monetaria.
1289 301 1339 350 163

142 482 212 546 loco
225 487 257 548 et
268 484 337 547 vice
349 486 449 550 nostri
460 489 604 550 monetae
620 487 786 568 provideat
802 491 835 552 et
850 486 989 552 officium
1003 470 1148 552 netariae
1162 486 1336 574 Rrunensis

140 592 283 668 peragat,
296 591 332 652 ut
339 588 431 657 decet
442 593 475 654 et
491 590 627 671 expedit,
641 594 673 654 et
686 591 890 656 obventiones
902 610 985 674 quae
993 610 1032 657 ex
1039 593 1119 673 ipsis
1127 593 1338 674 provenerint,

139 692 234 757 nobis
256 696 421 774 tamquam
442 691 545 758 fidelis
569 697 601 758 et
622 695 734 776 legalis
757 699 865 760 noster·
887 695 1025 760 vicarius
1034 699 1286 779 ..repraesentet.“
1392 740 1395 745 <

248 796 326 862 (mot
345 796 381 850 ΙΙ.
401 799 489 863 2337.)
534 848 537 860 ,

247 901 297 966 14.
320 899 404 974 Rex
427 952 434 966 .
460 952 466 966 .
492 953 498 967 .
522 902 651 967 Ekardo
664 951 666 955 v
681 901 821 970 officium
849 903 1040 987 provisionis
1070 902 1104 967 in
1133 908 1260 968 moneta
1282 923 1339 986 per

137 1010 243 1072 terras
272 1009 397 1070 nostras
428 1007 599 1086 gerendum
631 1011 663 1072 et
692 1000 936 1091 exsequendum
959 1007 1193 1087 committimus
1224 1008 1337 1073 dantes

135 1110 202 1192 ipsi
225 1110 352 1192 plenam
374 1113 406 1174 et
427 1110 561 1198 liberam
583 1110 776 1192 facultatem,
805 1112 939 1178 ubilibet
960 1111 1148 1194 providendi
1171 1112 1239 1176 sive
1262 1130 1338 1177 ena-

136 1213 281 1278 minandi
309 1216 469 1278 monetam
498 1214 549 1279 vel
579 1212 726 1280 denarios
754 1216 788 1280 in
810 1217 933 1307 argenti
955 1216 1106 1296 bonitate,
1122 1216 1277 1297 pondere
1299 1236 1337 1281 ao

135 1319 256 1398 valore,
286 1319 332 1382 ita
354 1317 440 1399 quod
470 1317 593 1384 denarii
616 1321 666 1384 vel
695 1324 822 1386 moneta
847 1322 880 1385 in
902 1321 1019 1396 debitis
1041 1338 1197 1400 mensura,
1230 1320 1337 1385 valore

135 1427 169 1488 et
193 1424 334 1505 pondere
357 1428 595 1502 conserventur3
628 1443 748 1488 necnon
775 1425 957 1507 captivandi
979 1424 1125 1490 falsarios
1148 1425 1199 1488 vel
1221 1417 1341 1490 malam

133 1527 330 1592 fabricantes
353 1525 528 1608 pecuniam,
554 1528 593 1592 de
614 1547 751 1612 persona
774 1533 806 1595 et
828 1530 869 1595 de
891 1529 970 1612 ipsis
989 1528 1146 1611 judicium
1162 1529 1335 1594 secundum
1390 1550 1391 1559 ¹

134 1636 244 1696 terrae
278 1615 539 1696 consuetudinem
572 1632 718 1698 faciendi.
764 1633 953 1698 Mandantes
986 1633 1147 1716 magistris
1180 1637 1335 1714 monetae,

134 1736 223 1817 quod
249 1735 413 1800 Ekardum
442 1737 475 1798 in
505 1736 690 1802 executione
719 1739 769 1802 sui
800 1736 896 1803 officii
925 1756 988 1801 non
1010 1737 1149 1802 audeant
1169 1738 1334 1820 impedire,

133 1830 199 1905 sed'
216 1839 321 1921 ipsum
344 1843 550 1922 promoveant
579 1844 611 1904 et
633 1841 792 1925 adjuvent,
819 1841 1000 1922 ubicunque
1029 1844 1062 1904 et
1085 1841 1337 1924 quandocunque

132 1946 225 2028 ipsos
247 1944 373 2009 duxerit
394 1945 610 2027 requirendos,
640 1945 881 2028 ministrentque
910 1946 973 2027 ipsi
996 1963 1205 2027 expensarum
1227 1965 1336 2015 neces·
1431 1947 1440 1957 ”

134 2050 232 2130 saria,
258 2049 341 2115 sicut
364 2049 464 2114 decet.

243 2152 356 2219 (stema.
375 2154 412 2207 ΙΙ.
431 2157 473 2207 ao.
492 2183 526 2192 -
544 2155 612 2206 omi.
630 2153 667 2205 Π.
686 2155 774 2219 2339.)

245 2276 294 2341 15.
319 2275 589 2341 Wenceslaus
613 2327 619 2340 .
645 2327 651 2340 .
678 2327 685 2341 .
709 2277 825 2341 dilecto
855 2273 942 2339 fideli
972 2325 978 2338 .
1003 2326 1042 2339 ..
1073 2274 1191 2340 Nostro
1221 2275 1273 2340 H...
1293 2276 1334 2341 de

132 2381 297 2459 Kemnim,
320 2377 459 2444 officium
481 2381 671 2462 provisionis
692 2381 724 2444 in
740 2384 866 2445 moneta
887 2381 920 2443 in
943 2379 1054 2449 eadem
1070 2368 1199 2444 civitate
1220 2398 1334 2461 procu-

132 2485 269 2550 randum
292 2488 324 2548 et
346 2485 519 2565 gerendum
549 2485 752 2550 commisimus
781 2484 977 2566 temporibus
999 2483 1084 2548 vitae
1107 2503 1194 2564 suae,
1222 2484 1334 2549 dantes

132 2590 220 2655 sibi.
245 2639 251 2653 .
276 2639 284 2654 .
307 2586 513 2654 faordtatem.
539 2639 546 2653 .
570 2588 757 2669 providendi
780 2591 814 2652 et
832 2587 1032 2651 examinandi
1055 2570 1213 2653 monetam
1235 2592 1331 2670 atque

131 2693 282 2758 denarios
304 2696 369 2757 tam
390 2693 424 2757 in
445 2693 587 2758 bonitate
609 2694 731 2774 argenti
755 2710 850 2774 quam
882 2692 915 2754 in
938 2691 1077 2773 pondere
1100 2711 1138 2756 ac
1159 2691 1267 2757 valore
1288 2693 1334 2756 ita

131 2797 221 2880 quod
241 2801 368 2863 moneta
390 2798 458 2863 sive
481 2798 602 2862 denarii
625 2797 658 2861 in
684 2797 791 2862 debita
813 2813 970 2875 mensura,
1001 2796 1107 2861 valore
1140 2801 1173 2861 et
1194 2797 1334 2878 pondere

33 2941 35 2948 ·
131 2905 361 2966 conserventur
376 2953 383 2967 .
401 2952 407 2967 .
425 2953 432 2966 .
450 2901 597 2983 Magistri
619 2905 764 2966 monetae
785 2901 819 2964 in
842 2900 928 2964 diota
948 2899 1077 2964 civitate
1092 2901 1255 2982 praedicto
1271 2951 1278 2965 .
1296 2951 1303 2965 .
1322 2951 1329 2964 .

131 3008 177 3071 30
206 3006 276 3071 den.
308 3008 472 3071 exsolvant
502 3005 643 3088 qualibet
671 3006 856 3088 septimana.
888 3054 895 3068 .
929 3054 935 3068 .
968 3004 1132 3081 ..Quodsi
1164 3004 1332 3087 contigerit

131 3111 253 3175 ferrum
274 3114 419 3175 monetae
442 3110 483 3175 de
505 3111 576 3192 ipsa
599 3109 727 3175 civitate
756 3106 921 3172 transferri
943 3107 976 3170 in
999 3107 1132 3171 alteram
1155 3108 1329 3188 quamlibet

132 3215 306 3294 civitatem,
328 3215 414 3280 idem
435 3214 474 3279 Η.
498 3215 702 3279 nihilominus
725 3212 937 3295 provisionem
952 3210 986 3273 in
1001 3211 1113 3275 eadem
1137 3212 1274 3291 civitate,
1298 3212 1332 3276 in

131 3339 231 3402 quam
251 3319 369 3385 ferrum
391 3319 579 3385 translatum
594 3318 699 3398 fuerit,
723 3315 837 3382 debeat
852 3315 1017 3399 possidere
1032 3335 1070 3380 ao
1085 3317 1129 3380 30
1144 3316 1214 3380 den.
1232 3315 1329 3399 septi·

131 3443 229 3489 mana
251 3424 392 3506 qualibet
414 3424 579 3506 percipere
601 3422 641 3487 de
663 3422 782 3487 eadem.
1225 3500 1229 3506 ἱ

239 3527 349 3594 (Zolcooo
374 3528 406 3580 ola
438 3526 511 3581 Troo.
538 3554 572 3564 -
596 3525 660 3592 Oop.
685 3525 764 3593 Prop.
784 3553 818 3562 —
835 3524 964 3578 Rodanum
983 3551 1017 3560 -
1034 3523 1124 3575 mazer
1148 3522 1183 3576 ΙΙ.
1202 3526 1278 3576 2338.
1297 3554 1330 3562 —

133 3612 236 3668 Staret.
254 3617 309 3678 29.)

240 3737 289 3802 16.
313 3735 585 3801 Wenceslaus
609 3785 615 3798 .
641 3785 647 3799 .
673 3786 679 3799 .
703 3737 813 3797 notum
832 3732 975 3814 facimus
999 3732 1084 3817 quod
1099 3731 1166 3798 No's
1188 3730 1330 3799 fidelium

133 3842 321 3907 Nostrorum
341 3841 472 3906 servitia
495 3891 501 3904 .
528 3892 534 3905 .
559 3844 663 3904 mente
687 3839 958 3903 revolventes..
982 3837 1098 3902 dilecto
1112 3833 1199 3901 fideli
1214 3836 1329 3903 Nostro

133 3946 287 4013 Merolino
303 3946 343 4010 de
360 3944 489 4011 Cadano
504 3945 537 4010 in
552 3962 789 4030 recompensam
805 3943 993 4022 debitorum,
1013 3943 1128 4024 quibus
1144 3943 1330 4009 tenebamur

133 4051 284 4116 eisdem.
309 4099 316 4113 .
341 4099 348 4114 .
373 4049 475 4134 etde
504 4048 607 4134 gratia
637 4047 755 4112 Nostra
785 4047 915 4130 speciali
945 4051 1104 4112 monetam
1126 4046 1275 4111 Nostram
1297 4048 1330 4111 in

134 4153 244 4220 eadem
268 4152 406 4234 civitate,
432 4156 531 4235 prout
553 4150 619 4216 Nos
649 4152 852 4234 possedimus
879 4152 1053 4242 bucusque,
1084 4151 1273 4216 contulimus
1296 4155 1328 4216 et

132 4259 289 4341 possideri
311 4257 455 4323 volumus
479 4257 518 4322 ab
541 4257 610 4338 ipso
634 4260 666 4320 et
689 4255 755 4320 suis
777 4255 948 4322 heredibus
970 4256 1004 4320 in
1025 4260 1196 4338 posterum.

238 4362 276 4429 (E
290 4353 346 4414 cod.
365 4361 462 4415 Zdealc.
481 4361 513 4412 de
534 4359 640 4412 Trabecz
658 4361 732 4426 opud
750 4358 849 4413 Sterob.
873 4359 935 4414 Urlc.
953 4359 1010 4426 35.)

1172 4446 1220 4498 ll*
