3225 5017
449 343 513 413 Cap.
531 343 591 399 Vll.
610 307 740 398 Civitates
756 346 786 395 et
799 342 847 408 jus
865 341 1038 410 municipale.
1144 340 1146 349 ’
1291 347 1339 396 181

142 556 201 602 seu
223 521 431 602 obscuritates
454 535 664 602 intervenient
686 539 741 601 aut
763 540 937 614 occurrent,
962 555 1043 617 quae
1069 540 1203 618 propter
1221 536 1341 619 judicis

142 646 178 707 et
187 643 366 726 juratorum
380 639 414 706 in
429 641 464 706 B.
481 641 722 724 ignominiosam
746 642 982 724 simplicitatem
1006 638 1139 706 diffiniri
1161 640 1211 706 111
1232 641 1340 706 termi-

134 747 214 814 nari
231 742 292 812 ‘aut
314 745 418 812 decidi
440 764 502 811 non
520 747 655 829 possint,
678 749 833 827 volumus,
856 746 942 829 quod
959 745 1060 830 super
1070 747 1132 814 hiis
1147 746 1188 811 ad
1200 744 1341 829 judicem

145 853 180 914 et
197 851 321 934 juratos
345 851 483 916 civitatis
506 850 538 915 irr
560 849 596 914 Β.
621 870 677 933 pro
700 851 923 917 declaracione
948 851 1131 935 recipienda
1151 853 1340 931 recurratur,

145 955 296 1038 quodque
326 955 431 1022 omnia
460 948 636 1038 praemisse
661 956 754 1039 juxta
784 957 942 1022 dictorum
967 956 1084 1039 judicis
1111 960 1144 1020 et
1162 957 1341 1040 juratorum

143 1059 178 1124 in
209 1058 255 1141 B,
285 1060 500 1143 praesentium
530 1060 581 1130 vel
610 1058 796 1142 futurorum,
828 1062 1091 1130 adinvencionem
1122 1064 1155 1126 et
1176 1061 1341 1128 arbitrium

140 1164 335 1247 tudicentur·.

248 1269 285 1334 In
322 1273 437 1335 eventu
478 1271 594 1350 autem,
632 1288 693 1353 quo
729 1270 825 1336 alicui
861 1271 951 1352 parti
983 1272 1164 1337 adinventio
1201 1271 1342 1353 ipsorum

141 1372 262 1457 judicis
283 1377 317 1440 et
333 1375 511 1457 juratorum
533 1375 565 1438 in
588 1374 622 1440 Β.
648 1375 840 1458 displiceret,
864 1395 904 1440 ne
929 1376 1068 1441 dominio
1090 1376 1206 1442 Nostro
1228 1374 1341 1458 perid

143 1479 323 1560 derogetur,
353 1479 561 1559 decemimus„
591 1483 627 1543 ut
656 1479 696 1546 ab
726 1480 948 1544 adinventione
977 1481 1018 1545 ad
1039 1480 1189 1546 Nostram
1217 1480 1337 1545 11111-

143 1588 282 1649 strorum
304 1603 522 1654 successorum
545 1584 739 1649 audientiam
761 1585 848 1649 licite
870 1585 972 1666 possit
994 1585 1156 1667 appellari.

250 1688 339 1755 Nulli
376 1708 501 1772 quoque
530 1689 692 1754 hominum
727 1689 832 1769 liceat,
862 1689 943 1757 hanc
979 1688 1117 1762 Nostrae
1153 1690 1340 1770 donationis,

145 1795 358 1859 concessionis
388 1798 421 1858 et
448 1795 605 1859 libertatis
626 1793 774 1887 paginam
803 1793 975 1876 infringere
1006 1799 1063 1861 aut
1084 1796 1115 1860 ei
1140 1814 1220 1863 ausu
1242 1800 1341 1862 teme

141 1898 228 1963 reric
263 1898 499 1982 quomodolibet
531 1899 703 1978 contraire3
734 1898 761 1962 si
795 1899 867 1980 quis
900 1903 1008 1966 autem
1040 1901 1120 1967 haec
1152 1904 1341 1982 attemptare

143 2004 402 2086 praesumpserit,
425 2003 563 2069 furerem
577 2004 713 2076 Nostrae
734 2003 967 2085 indignacionis
984 2025 1018 2071 se
1032 2010 1145 2072 noscat
1159 2006 1339 2070 incurrisse.

249 2117 287 2185 (E
310 2119 365 2170 cod.
383 2136 451 2172 mea.
476 2116 626 2172 11111111.
645 2119 723 2186 1119.
756 2117 856 2182 Tadre,
880 2120 1016 2188 Rubopiay
1033 2121 1194 2187 famulatui.
1230 2121 1340 2173 manae

129 2204 335 2272 ¹epistolarem.)

252 2303 279 2367 7.
304 2299 325 2366 J
333 2320 379 2366 us
402 2302 577 2368 miliare.

249 2404 341 2470 1330.
365 2405 431 2471 Nos
453 2406 594 2472 Joannes
615 2426 671 2472 rex
694 2458 700 2474 .
726 2459 733 2476 .
758 2459 765 2475 .
792 2459 798 2474 .
823 2409 1011 2475 affectantes
1035 2407 1222 2474 dilectorum
1240 2407 1340 2475 Nobis

144 2509 263 2574 civium
287 2509 433 2577 Civitatis
456 2511 592 2578 Nostrae
606 2512 738 2579 Minoris
754 2513 924 2594 Pragensis
940 2513 1140 2579 uberioribus
1162 2515 1340 2597 augmentis

142 2614 317 2698 intendere,
340 2616 479 2700 gratiose
502 2618 648 2685 volumus
670 2623 703 2683 et
725 2618 893 2684 statuendo
916 2618 1109 2700 ordinamus,
1126 2619 1212 2702 quod
1233 2620 1274 2684 de
1296 2620 1340 2685 11-
1444 2635 1448 2638 ·

142 2720 243 2786 vitate
272 2721 343 2804 ipsa
372 2721 414 2787 ad
443 2723 537 2788 unius
558 2723 700 2789 1111111111
731 2723 870 2806 spatium
899 2722 986 2787 nulla
1016 2724 1148 2789 taberna
1177 2725 1210 2788 irr
1233 2724 1340 2807 aliqua

142 2825 221 2890 ville
245 2824 360 2890 haberi·
379 2827 496 2894 ¹debeat
516 2827 568 2894 111
588 2828 717 2908 servari,
740 2827 888 2910 quodque
911 2845 1019 2894 omnes
1042 2826 1173 2911 opifices
1195 2847 1253 2894 seu
1274 2847 1340 2892 me-

144 2929 270 2994 chanici
298 2928 375 2994 loris
405 2931 566 2998 civitatem
595 2931 785 3011 habitantes
821 2950 1081 3015 quommcunque
1114 2933 1178 2998 sint
1208 2933 1336 3012 subditi,

143 3052 241 3098 onere
263 3035 331 3099 sive
354 3035 600 3101 contributiones
623 3055 680 3101 serr
704 3035 853 3100 collectas
870 3053 1075 3119 quascunque
1098 3055 1170 3102 cum
1192 3038 1271 3120 ipsis
1295 3038 1338 3102 ci-

142 3139 237 3204 vibus
265 3138 406 3222 perferre
434 3143 468 3204 et
493 3141 691 3206 contribuere
714 3140 851 3206 debeant
873 3144 905 3203 et
931 3141 975 3203 eti
1051 3143 1234 3222 teneantur3
1257 3143 1340 3233 etsi

142 3243 177 3306 in
200 3241 260 3306 hoc
282 3243 345 3325 ipsi
367 3240 496 3325 opifices
518 3245 570 3310 111
599 3245 773 3311 mechanici
796 3242 972 3310 renitentes
994 3244 1098 3310 forent
1118 3251 1175 3313 aut
1196 3248 1339 3329 rebelles,

142 3347 224 3429 ipsis
256 3348 376 3414 civibus
406 3352 443 3413 ut
471 3367 525 3412 eos
555 3349 596 3413 ad
625 3350 685 3414 hoc
714 3353 844 3415 arceant
877 3356 910 3416 et
941 3350 1088 3415 tabernas
1121 3371 1202 3434 quae
1231 3357 1341 3417 contre

143 3450 295 3520 Nostram
316 3457 516 3536 praesentem
538 3453 758 3520 inhibitionem
780 3454 937 3520 habentrm
954 3455 1097 3537 forsitan,
1121 3454 1285 3521 destruant
1307 3458 1341 3520 et

142 3561 337 3638 removeant,
360 3557 472 3622 damus
494 3559 715 3640 praesentibus
738 3563 939 3642 potestatem.
963 3610 971 3625 .
996 3611 1003 3626 .

251 3669 435 3738 (1111111111.
454 3670 549 3724 011111.
568 3673 661 3736 Pelael,
680 3672 751 3724 Korl
773 3671 841 3739 VII.)

250 3784 342 3851 1376.
366 3786 396 3850 4.
420 3783 490 3853 Jan.
527 3786 664 3854 Karalus
687 3786 903 3852 -111111111
934 3787 1144 3852 conditionem
1174 3787 1337 3852 civitatum

142 3886 331 3956 Nostrarum
352 3891 506 3973 regalium
528 3891 687 3972 Boemiae,
719 3892 781 3958 vid.
807 3891 926 3973 Gadara,
959 3891 1055 3972 Brux,
1087 3890 1163 3956 Saea
1186 3895 1219 3956 et
1240 3891 1336 3973 Luns,

143 3991 213 4059 fieri
235 3994 391 4075 meliores,
413 3997 501 4077 regie
520 3998 709 4062 auctoritate
724 3996 875 4062 Boemiae
899 4048 905 4062 .
931 4047 937 4062 .
962 3997 1149 4076 inhibemus,
1176 3997 1260 4078 quod
1274 4016 1337 4062 non

142 4098 240 4164 liceat
269 4099 364 4164 alicui
395 4102 539 4182 cauponi,
569 4101 761 4167 tabernatori
792 4105 849 4166 aut
879 4101 1055 4184 cuicunque
1080 4119 1235 4184 personae
1256 4100 1338 4166 infra

143 4204 283 4287 spatium
297 4204 391 4268 unius
405 4205 538 4270 miliaris
561 4205 736 4271 theutonici
758 4205 887 4270 edictis
911 4207 1092 4273 civitatibus
1115 4206 1336 4272 circumferen-

142 4308 264 4373 tialiter
292 4309 510 4391 computando,
541 4311 573 4373 in
603 4310 843 4392 quibuscunque
872 4310 956 4374 villis
986 4314 1019 4376 et
1048 4312 1125 4377 locis
1148 4330 1205 4394 pro
1228 4311 1337 4378 vendi-

142 4412 240 4478 tionis
262 4417 319 4477 aut
340 4415 508 4498 emptionis
524 4433 583 4480 usu
598 4415 738 4490 brasium
753 4413 869 4495 facere,
893 4417 1076 4482 cerevisiam
1098 4418 1241 4497 braxare,
1264 4436 1336 4501 pro-
