3225 5017
373 312 463 386 Caput
480 314 501 367 Ι.
519 313 574 376 Res
592 314 627 368 ad
644 316 721 385 regni
738 314 1001 371 administrationem
1020 321 1182 385 spectantes.
1357 326 1372 371 9

181 505 328 572 districtu
356 506 523 591 Pylznensi
553 508 743 589 constitutis,
773 508 815 573 ad
844 526 923 591 quos
952 513 1135 592 praesentes
1164 509 1373 592 pervenerint,

181 610 316 691 gratiam
337 612 458 695 regiam
481 618 513 678 et
534 632 627 680 omne
647 614 772 679 bonum.
1366 636 1380 642 ·‘

284 716 412 784 Fideles
425 719 550 785 dilecti!
573 719 646 785 Pati
666 721 819 799 nolentes,
842 724 879 783 ut
891 717 1002 784 fideles
1020 717 1128 785 Nostri
1143 718 1321 801 regnicolas
1341 718 1375 783 in

181 820 248 886 suis
268 821 394 903 juribus
408 824 575 890 turbentur
590 824 741 906 inantea,
764 842 822 889 seu
845 825 884 890 ob
900 823 1057 889 deiectum
1075 823 1221 907 justitiae
1235 824 1374 906 aliquam

183 924 223 987 de
254 930 359 992 cetero
393 927 531 994 habeant
563 929 728 995 materiam
759 928 983 1012 quaerulandi:
1020 928 1232 994 commisimus
1259 928 1375 992 illustri

178 1026 316 1095 Iohanni
346 1031 420 1097 duci
442 1031 628 1113 Gorlicensi,
657 1034 793 1117 principi
821 1038 857 1099 et
884 1032 974 1099 fratri
992 1032 1113 1113 Nostro
1136 1032 1307 1112 carissimo,
1338 1035 1375 1095 ut

178 1132 288 1198 Nostri
316 1136 507 1203 auctoritate
536 1142 570 1202 et
596 1138 723 1203 nomine
745 1138 889 1205 omnibus
920 1142 952 1203 et
981 1137 1113 1221 singuIIs
1134 1140 1201 1201 tam
1224 1136 1373 1201 ecclesia·
1468 1218 1472 1229 ,

179 1238 269 1303 stitis
301 1257 397 1322 quam
430 1242 625 1308 secularibus
659 1244 812 1326 personis,
849 1243 1043 1327 pauperibus
1081 1248 1176 1327 atque
1210 1240 1371 1318 divitibus

175 1342 334 1425 justitiam
348 1343 463 1440 facere,
486 1346 568 1412 bona
590 1367 649 1430 per
661 1366 866 1432 quoscunque
880 1349 1035 1416 violenter
1056 1366 1114 1414 seu
1135 1348 1253 1430 injuste
1267 1344 1374 1411 ablata

178 1448 304 1514 restitui
325 1450 485 1532 mandare,
513 1456 545 1517 et
567 1454 757 1535 generaliter
778 1454 951 1537 quemlibet
970 1453 1004 1519 in
1026 1453 1093 1519 suis
1116 1452 1232 1519 debeat
1249 1448 1373 1535 juribus

179 1551 351 1621 efficaciter
373 1574 567 1622 conservare.
591 1556 725 1641 Propter
738 1559 823 1643 quod
840 1556 986 1625 fidelitati
1008 1562 1134 1624 uestrae
1149 1554 1373 1622 committimus

179 1662 212 1722 et
241 1659 300 1726 sub
330 1660 411 1742 regii
439 1659 556 1727 favoris
586 1663 717 1728 obtentu
747 1664 891 1731 districte
924 1661 1148 1745 praecipiendo
1177 1658 1372 1736 mandamus,

179 1768 335 1844 quatenus
365 1784 438 1830 mox
467 1766 546 1831 11111
576 1768 805 1849 praesentibus,
840 1769 873 1834 in
903 1767 1094 1848 civitatibus,
1129 1764 1263 1848 oppidis,
1294 1762 1372 1828 locis

177 1870 243 1931 tam
267 1867 301 1932 in
323 1869 468 1934 ecclesiis
497 1889 593 1952 quam
621 1870 698 1937 foris
720 1873 835 1938 vestris
865 1872 1053 1955 proclamem
1083 1870 1209 1954 publice
1237 1867 1371 1947 faciatis,

178 1960 215 2035 ut
237 1968 349 2037 omnes*
375 1978 408 2038 et
430 1974 546 2057 singuli
569 1976 755 2057 terrigenae,
785 1982 896 2059 utpote
918 1976 1036 2041 milites
1059 1979 1092 2042 11
1114 1975 1253 2053 clientes,
1284 1972 1371 2035 'cives

178 2080 211 2141 11
232 2077 391 2159 oppidani,
414 2079 483 2145 sive
498 2080 539 2145 ad
554 2079 621 2146 Nos
644 2082 711 2145 sive
733 2082 774 2146 ad
795 2082 931 2146 barones
953 2080 1043 2162 regni
1064 2079 1251 2161 pertineant,
1275 2092 1372 2158 super

178 2180 321 2257 Quatuor
333 2183 527 2264 temporibus
543 2184 685 2266 proxime
699 2185 842 2249 venturis
856 2184 990 2267 Pragam
1012 2183 1219 2267 personaliter
1233 2181 1369 2259 veniant,
1493 2228 1495 2231 .

174 2284 333 2366 justitiam
365 2290 399 2351 et
429 2287 662 2354 restitutionem
701 2288 854 2353 bonorum
893 2288 1012 2371 injuste
1045 2286 1128 2351 sicut
1158 2284 1371 2368 praemittitur

177 2388 354 2454 ablatorum
368 2386 506 2456 finaliter
527 2393 682 2475 adepturi.
704 2392 748 2457 ut
768 2412 809 2457 ne
831 2393 989 2475 quispiam
1011 2409 1049 2455 ex
1072 2391 1119 2457 eis
1142 2407 1177 2455 11
1199 2408 1256 2472 per
1274 2389 1376 2454 simu:

177 2492 276 2557 latum
297 2492 404 2559 forsan
426 2496 570 2561 timorem
599 2501 656 2561 aut
684 2496 746 2561 alio
764 2496 881 2578 'quovis
903 2495 996 2561 modo
1019 2494 1123 2560 valeat
1146 2510 1306 2572 excusare,
1337 2492 1370 2557 in

177 2595 263 2661 dicta
283 2597 530 2679 proclamatione
552 2600 695 2665 volumus
726 2599 907 2681 superaddi,
937 2599 1021 2680 quod
1048 2598 1191 2663 omnibus
1214 2596 1255 2662 ad
1277 2615 1368 2679 prae-

175 2698 277 2765 fatum
309 2704 478 2768 terminum
510 2703 618 2770 venire
651 2702 838 2783 volentibus,
874 2702 941 2767 1111
972 2700 1081 2766 Nostri
1114 2701 1182 2765 sive
1215 2702 1368 2766 baronum

175 2804 302 2886 iuerInt,
331 2808 436 2889 parati
459 2825 567 2873 sumus
589 2807 675 2887 dare,
705 2807 769 2872 imo
791 2807 909 2871 virtute
936 2804 1151 2887 praesentium
1177 2804 1289 2869 damus
1320 2822 1368 2873 se,

178 2930 288 2976 curum
316 2915 349 2975 et
375 2912 498 2978 salvum
521 2911 710 2976 conductum
731 2912 867 2992 Pragam
893 2909 1049 2990 veniendi,
1079 2909 1197 2976 ibidem
1226 2909 1368 2975 morandi
1463 2912 1464 2919 ’

177 3020 210 3080 11
230 3016 346 3082 abinde
367 3016 409 3081 ad
430 3017 559 3099 propria
580 3035 689 3081 eorum
710 3016 871 3083 domicilia
892 3014 1054 3094 redeundi,
1078 3015 1173 3079 salvis
1195 3015 1289 3080 rebus
1312 3032 1368 3094 pa-

176 3121 255 3184 riter
275 3125 308 3185 et
329 3122 481 3203 personis,
511 3126 577 3186 tam
605 3140 662 3204 pro
683 3119 783 3187 Nobis
813 3139 907 3204 quam
929 3138 986 3200 pro
1009 3118 1163 3197 omnibus,
1193 3118 1247 3199 qui
1271 3134 1367 3181 causa

176 3224 285 3290 Nostri
306 3224 428 3292 iaciunt
449 3231 483 3292 et
504 3226 667 3291 dimIttunt
688 3225 772 3310 (sic).

282 3330 354 3396 Dat.
371 3330 541 3411 Karlstein,
564 3331 617 3395 die
631 3330 739 3394 XXIII
756 3329 873 3395 mensis
889 3328 976 3409 Maii,
998 3347 1166 3411 regnorum
1179 3326 1367 3391 Nostrorum

177 3453 259 3499 anno
303 3434 452 3501 BoemIae
496 3434 639 3515 XXXH0,
683 3435 896 3500 Romanorum
940 3451 1014 3499 vero
1058 3432 1147 3497 ΧΙΧ0
1192 3433 1246 3518 (ss
1273 3432 1365 3511 1393,

175 3538 227 3603 23.
252 3538 354 3622 Maii).
425 3552 427 3560 ’

280 3641 330 3707 Ad
351 3641 534 3707 mandatum
555 3641 593 3706 D.
617 3640 730 3723 Regis:
754 3640 938 3705 Wlaohnico
961 3641 1001 3705 de
1022 3640 1250 3724 Weyteumule.

280 3779 319 3848 (Ε
333 3778 394 3833 ooo.
414 3778 498 3845 Capit.
517 3780 594 3847 Prap.
612 3779 634 3832 I.
652 3783 700 3831 40:
719 3779 843 3845 Polaclcp',
862 3778 1056 3831 Formeuocuar
1073 3778 1110 3832 ΙΙ.
1130 3781 1199 3846 133).

279 3956 309 4020 4.
332 3954 452 4020 Fidelis
474 3951 604 4019 dilectet
649 3953 847 4036 Quamquam
876 3971 933 4035 pro
956 3952 1159 4035 disponendis
1189 3952 1364 4033 aliquarum

161 4045 331 4126 ¹terrarum
353 4060 540 4125 Nostrarum
569 4058 705 4139 negotiis
731 4058 882 4123 terminos
908 4058 998 4138 regni
1020 4056 1169 4122 Boemiae
1190 4056 1256 4121 Nos
1279 4057 1365 4121 exire

173 4164 382 4248 praegrandis
413 4168 505 4246 cogat
525 4163 708 4243 necessitas,
739 4163 779 4226 de
800 4162 902 4244 ipsius
924 4166 1029 4227 tamen
1058 4162 1147 4245 regni
1169 4160 1310 4244 profectu
1334 4165 1365 4224 11

174 4269 338 4335 commodo
353 4269 461 4333 taliter
475 4268 620 4333 ordinare
635 4267 847 4349 proponimus,
870 4269 907 4329 ut
928 4267 961 4330 in
977 4284 1013 4333 eo
1028 4266 1221 4350 peramplius
1238 4265 1364 4348 justitio

174 4379 323 4457 exoptata
352 4371 507 4453 refloreat,
538 4372 749 4455 tranquillitas
781 4371 896 4451 vigeat,
928 4375 960 4435 et
988 4371 1116 4454 quidem
1142 4372 1215 4453 jura
1245 4368 1364 4440 dudum
