3225 5017
286 330 319 377 30
493 321 557 393 Gap.
574 322 595 376 I.
613 315 668 375 Res
687 321 722 376 ad
739 322 816 391 regni
833 320 1096 377 administrationem
1114 326 1278 390 spectantes.
1310 326 1318 333 “

391 520 430 571 13.
451 514 606 573 Castrum
624 514 778 584 Znojem‚
798 530 881 586 super
891 514 953 585 ripa
964 513 1083 570 fluminis
1093 512 1189 583 Thaya
1202 514 1231 567 in
1244 510 1368 567 confiniis
1380 525 1475 566 versus

284 604 424 658 Austriam
448 604 539 672 situm,
563 609 644 674 caput
667 603 731 658 olim
755 602 911 674 provinciae
929 602 1112 670 Znojmensis.
1146 602 1227 655 Anno
1252 605 1319 655 1308
1340 598 1475 654 Henricus

283 708 332 745 rex
355 696 473 746 castrum
492 690 656 759 Znojmense
675 691 792 761 (Znoyrn
810 690 897 761 purch
915 689 972 744 und
989 691 1048 745 Stat
1067 690 1116 743 mit
1132 687 1318 758 Lantgericht,
1339 687 1389 739 mit
1406 687 1476 742 Stat-

284 777 397 847 gericht)
415 778 522 847 pignori
540 776 622 845 dedit,
645 783 674 831 at
698 793 721 832 a.
742 783 809 831 1334
828 778 982 832 exsolutum
1001 782 1052 831 cst.
1070 775 1251 846 Temporibus
1270 774 1386 829 Joannis
1403 772 1475 841 regis

284 871 529 920 commemorantur
560 864 696 935 purcravii
724 864 791 934 regii
824 864 853 918 in
886 869 977 919 castro
1003 863 1170 933 Znoymensi
1197 860 1351 917 residentes
1385 860 1475 930 (tht.

283 952 330 1005 vr.
349 954 421 1021 arr).

388 1132 429 1180 13.
450 1124 598 1194 Vranov,
620 1132 739 1181 castrum
764 1141 849 1197 supra
870 1126 993 1198 Tbayam
1015 1127 1044 1180 in
1069 1124 1193 1181 confiniis
1216 1140 1312 1180 versus
1335 1121 1476 1178 Austriarn

283 1214 374 1280 sitnm,
391 1211 473 1269 hodie
490 1212 574 1268 Frain
591 1219 786 1285 nuncupatum.
805 1218 872 1267 1323
891 1214 1015 1267 Joannes
1032 1229 1081 1267 rex
1098 1212 1217 1267 Henrico
1235 1210 1269 1267 de
1280 1212 1351 1282 Lipa
1367 1227 1476 1281 permn-

282 1302 394 1355 tationis
407 1307 548 1355 contractu
565 1318 616 1372 pro
627 1302 743 1355 Tachow
756 1301 794 1368 (in
806 1300 929 1368 Boemia)
942 1300 1057 1355 contulit
1071 1307 1206 1364 „castrum
1217 1300 1348 1356 Nostrum
1359 1298 1434 1362 Vren
1445 1298 1475 1351 in

282 1388 406 1443 Moravia
418 1388 509 1455 situm,
521 1404 582 1443 cum
594 1388 694 1460 oppido
707 1388 781 1442 Vren
794 1388 927 1455 (Vranov)
940 1393 969 1441 et
979 1388 1049 1443 villis
1064 1387 1221 1457 Schephou,
1231 1388 1332 1456 Petnyn
1344 1386 1474 1454 (Petrein)

283 1479 310 1528 et
334 1474 432 1529 iterum
454 1474 564 1545 Petryn,
586 1476 708 1543 Jesuicz,
731 1476 863 1531 Lenczow
882 1475 1063 1543 (Landshau),
1084 1474 1200 1528 Pomoca
1217 1472 1387 1541 (Pomitsch),
1407 1472 1474 1526 Vre-

218 1598 219 1603 1
284 1560 374 1615 schow
387 1560 558 1631 (Frdschau),
574 1562 668 1633 Cysow
682 1563 796 1631 (Zaira),
813 1562 989 1631 Breczowicz‚
1006 1562 1122 1629 Ozehcn,
1139 1560 1307 1629 otoslawicz,
1323 1559 1474 1615 Vneschow

285 1647 476 1717 (Windschau)
496 1655 522 1703 et
541 1649 661 1719 Grymow
680 1665 712 1704 ac
730 1649 830 1705 allodio
848 1648 1035 1721 Appholdren.
1054 1648 1135 1718 (Eml.
1153 1648 1201 1703 III.
1219 1649 1289 1716 313.)

857 1947 897 2013 Κ.

658 2068 771 2135 Fando
792 2070 885 2155 rapaci
905 2079 934 2133 ct
954 2086 1095 2135 3333333.

385 2258 435 2325 (af.
453 2260 604 2315 Slovanske
622 2264 707 2331 pravo
725 2261 773 2315 HI.
791 2261 814 2331 §-
834 2266 880 2314 18:
898 2260 1020 2315 Monstri
1037 2260 1140 2328 333113.)

383 2364 478 2419 Feuda
500 2368 577 2435 regni
593 2367 722 2422 Boemiae
744 2367 773 2421 in
796 2366 896 2437 triplici
917 2366 1124 2436 reperiebantur
1141 2366 1306 2422 differentia:
1334 2365 1473 2435 Quaedam

280 2453 350 2506 enim
375 2460 453 2507 erant
479 2454 660 2522 landsassioa,
690 2452 763 2507 inira
790 2451 861 2508 fines
883 2454 1011 2510 Bocmiae
1038 2456 1100 2525 sita,
1126 2471 1197 2525 quae
1224 2453 1351 2525 specifice
1375 2452 1474 2517 „feuda

278 2539 421 2595 Boemica“
442 2543 571 2610 (monstri
592 2540 677 2596 deska
694 2561 711 2596 v
729 2523 853 2597 (1311113311
876 2557 893 2596 3
915 2546 1033 2597 manstvi
1055 2544 1213 2613 moravska)
1235 2542 1473 2613 nuncupabantur.

278 2628 350 2696 Alia,
372 2644 443 2699 qnae
462 2628 654 2694 „Germanica“
679 2630 848 2685 vocabantur
871 2635 897 2683 et
921 2630 963 2684 vel
984 2630 1057 2685 intra
1079 2630 1230 2685 districtum
1248 2629 1408 2700 Egrenscm,
1429 2630 1473 2684 vel

279 2721 358 2771 extra
374 2715 443 2772 fines
461 2717 589 2772 Boemiae
611 2717 684 2773 intra
708 2718 823 2773 31133133
842 2716 1005 2771 Germaniae
1023 2717 1085 2787 sita,
1108 2717 1156 2774 sed
1173 2723 1265 2773 tamen
1281 2734 1365 2787 regno
1383 2723 1412 2771 et
1428 2733 1472 2771 co-

278 2818 363 2858 ronae
380 2803 508 2860 Boemiae
525 2811 657 2876 perpetuo
675 2806 851 2875 incorporata
868 2811 955 2860 erant.
973 2803 1036 2859 Alia
1053 2803 1170 2875 denique
1188 2811 1267 2860 erant
1283 2804 1366 2860 feuda
1380 2804 1471 2859 811331-

278 2890 333 2944 tica
350 2906 434 2962 super
450 2890 593 2946 ducatibus
611 2892 731 2948 Silesiae.

385 3015 412 3079 1.
437 3014 761 3101 (133113331140),
784 3016 1044 3100 Α1333(128).
1085 3018 1176 3083 1316.
1215 3018 1284 3100 Ego
1306 3016 1407 3083 Potho
1430 3018 1471 3083 de

279 3120 412 3203 Turgow
440 3120 482 3185 ad
510 3120 729 3187 universorum
757 3122 932 3197 notitiam.
957 3173 964 3187 .
994 3121 1079 3205 quod
1101 3123 1176 3206 qrria
1198 3123 1324 3188 domino
1345 3122 1471 3203 Joanni,

279 3224 429 3299 33313133
448 3230 480 3289 et
494 3224 643 3291 Poloniae
665 3226 733 3308 regi
755 3244 792 3291 ac
807 3225 1076 3308 Lucemburgensi
1098 3228 1215 3309 comiti,
1238 3247 1310 3295 curn
1323 3228 1472 3297 munitio

279 3330 373 3395 nibus
394 3330 474 3395 meis
497 3329 672 3395 Grediss
696 3333 735 3395 et
756 3329 900 3396 Arnow
921 3335 1075 3413 perpetuo
1098 3332 1271 3399 adhaerere
1292 3353 1331 3400 ac
1352 3334 1472 3400 seruire

279 3438 388 3499 contre
406 3452 530 3499 omnem
551 3434 710 3501 hominem
731 3438 797 3498 toto
821 3452 915 3517 posse
936 3453 1016 3515 meo,
1039 3436 1110 3501 vice
1132 3441 1165 3501 et
1185 3439 1311 3503 nomine
1325 3440 1469 3521 praestiti

274 3539 446 3622 juramenti
460 3538 590 3621 promisi
607 3544 639 3604 et
652 3540 811 3621 promitto,
834 3540 905 3623 ipse
918 3538 997 3604 nn'hi
1011 3541 1144 3623 proinde
1158 3543 1223 3608 300
1237 3562 1360 3609 marcas
1381 3563 1470 3626 gros-

278 3663 385 3710 sorum
398 3644 605 3726 Pragansium
626 3644 706 3726 regii
728 3647 908 3727 pagamenti
924 3644 1159 3729 dare'promisit
1181 3651 1214 3711 et
1234 3648 1268 3711 in
1289 3648 1410 3713 eisdem
1431 3669 1470 3715 ac

278 3749 432 3831 dampnis,
462 3767 543 3831 quae
574 3767 645 3813 curn
673 3750 717 3815 40
737 3749 968 3816 viris‘armatis
996 3752 1029 3814 in
1050 3752 1153 3833 ipsius
1182 3754 1320 3819 servitiis
1342 3756 1468 3837 pertuli,

277 3852 354 3917 mihi
377 3854 528 3937 oppidum
550 3872 642 3919 sunm
665 3855 784 3920 dictum
806 3855 888 3920 Hof
907 3855 998 3940 (139)
1021 3876 1092 3922 cum
1114 3858 1267 3925 militibus
1289 3863 1323 3924 et
1339 3860 1468 3925 vasallis

277 3976 314 4021 ao
336 3958 457 4039 incolis,
486 3962 552 4025 tarn
582 3959 750 4042 adipsum
773 3961 924 4042 oppidum
946 3979 1041 4043 quarn
1070 3962 1111 4027 ad
1140 3963 1301 4029 civitatem
1328 3964 1468 4030 Trete-

276 4080 359 4127 now
381 4062 482 4148 (141),
505 4064 576 4153 ipsa
599 4065 727 4130 civitate
740 4062 907 4131 Trutenow
921 4070 954 4130 et
968 4071 1072 4130 castro
1094 4067 1212 4132 ibidem
1227 4069 1373 4149 exclusio,
1395 4088 1468 4134 nec-

276 4184 338 4230 non
361 4186 432 4231 cum
453 4168 629 4235 forestariis
652 4174 684 4234 et
705 4170 738 4235 in
759 4168 927 4237 Trntenow
949 4174 981 4237 ct
1005 4171 1039 4236 in
1060 4170 1138 4237 Hoff
1157 4174 1387 4256 spectantibus
1411 4191 1467 4239 no-

277 4270 361 4335 mine
376 4272 515 4353 pignoris
531 4273 690 4354 obligavit.
714 4272 783 4356 Ego
798 4275 961 4342 viceversa
982 4277 1045 4359 ipsi
1063 4276 1188 4341 domino
1212 4279 1280 4361 regi
1296 4279 1468 4362 modoque

278 4392 374 4455 supra
394 4376 553 4457 promitto,
584 4378 667 4459 quod
690 4379 952 4462 quandocumque
972 4400 1030 4463 per
1050 4382 1155 4464 ipsum
1177 4383 1338 4449 dominum
1359 4402 1468 4465 regem
