3225 5017
270 342 303 389 48
331 380 332 385 1
468 337 533 407 Gap.
552 337 571 397 I.
591 338 645 391 Res
665 338 699 392 ad
717 338 793 405 regui
811 337 1077 391 administrationem
1097 342 1262 405 spectantes

255 532 393 597 bertum
408 533 441 594 et
454 529 655 594 Zdenkonem
677 530 856 612 praedictos
879 530 919 594 de
942 524 1053 595 eodem
1067 530 1162 595 leudo
1182 530 1332 596 adhibitis
1349 531 1463 596 solem·

269 636 421 701 nitatibus
443 638 476 699 et
498 636 683 700 ceremoniis
707 634 822 700 debitis
842 638 875 699 et
890 636 1058 715 consuetis,
1082 637 1272 718 recipientes
1287 636 1328 701 ab
1344 634 1464 699 eisdem

193 806 194 809 ,
268 738 397 805 Alberto
414 743 446 804 et
460 736 629 803 Zdenkone
645 756 701 821 pro
717 756 751 803 se
767 756 804 803 ac
827 738 997 805 heredibus
1020 742 1053 803 et
1071 738 1307 806 successoribus
1321 740 1462 821 ipsorum

268 861 364 927 super
385 842 568 925 praemissis
590 840 753 908 fidelitatis
777 848 810 908 et
832 843 1030 909 obedientiae
1053 846 1146 909 solita
1164 845 1353 927 juramenta.

256 1029 259 1034 .
370 948 488 1013 Datum
510 946 633 1029 Pragae
656 967 683 1011 a.
707 948 745 1011 D.
772 948 864 1013 1377.

372 1084 462 1153 (Arcb.
481 1086 597 1139 Karist:
619 1084 735 1137 Mancini
754 1085 849 1152 decha.)

371 1261 421 1325 32.
446 1260 682 1326 Kostomlat
704 1253 895 1324 castrum.
922 1260 1014 1325 1379.
1038 1259 1267 1326 Wenceslaus.
1293 1312 1300 1327 .
1325 1312 1332 1326 .
1357 1260 1460 1325 Bohe-

265 1365 348 1431 miae
370 1382 435 1430 rex,
481 1363 599 1428 Notum
621 1362 755 1428 iacimus
779 1413 785 1428 .
811 1414 818 1427 .
844 1413 850 1428 .
876 1362 990 1444 quod.
1015 1415 1021 1428 .
1047 1415 1054 1429 .
1078 1362 1247 1429 Habardus
1271 1365 1312 1430 de
1334 1364 1461 1429 Zarotin

266 1470 377 1537 senior.
402 1520 442 1561 ,1.
467 1519 474 1534 .
500 1471 639 1533 castrum
661 1485 753 1531 suum
768 1464 956 1548 Kostomlat,
979 1468 1065 1551 quod
1086 1487 1106 1533 a
1126 1468 1226 1535 Nobis
1249 1470 1337 1535 velut
1358 1468 1460 1534 Bohe

264 1574 347 1639 miae
374 1590 449 1655 rege
471 1572 630 1655 dependet
659 1570 852 1650 infandum,
884 1571 1042 1637 nobilibus
1063 1572 1215 1654 Plichtae‚
1246 1572 1398 1639 Habardo
1428 1578 1460 1637 et

263 1676 412 1743 Habardo
428 1678 468 1742 de
482 1676 622 1741 Zierotin
643 1675 793 1741 fratribus
817 1675 954 1756 donauit,
977 1677 1110 1742 tradidit
1126 1682 1158 1742 et
1172 1678 1272 1743 libere
1286 1679 1460 1761 resignavit

264 1782 323 1848 sub
353 1770 583 1847 conditionibus
613 1779 695 1843 infra
725 1780 861 1862 scriptis,
892 1780 976 1861 quod
1006 1781 1155 1847 uidelicet
1183 1783 1269 1847 idem
1290 1781 1458 1849 Habardus

263 1886 376 1965 senior,
407 1885 557 1967 quamdiu
579 1884 679 1949 uitam
708 1882 834 1947 duxerit
862 1884 895 1947 in
925 1883 1079 1964 humanis,
1111 1890 1250 1950 castrum
1278 1886 1458 1951 huiusmodi

263 2006 335 2057 cum
364 1991 430 2054 suis
459 1988 658 2071 pertinentiis
681 1986 806 2066 habere,
837 1991 946 2052 tenere
976 1993 1009 2052 et
1038 1990 1211 2071 possidere,
1241 1990 1374 2072 ipsoque
1404 1991 1457 2055 de

261 2094 369 2159 functo
391 2094 495 2176 ipsum
519 2096 657 2157 castrum
681 2110 753 2156 cum
776 2093 842 2157 suis
863 2093 1062 2173 pertinentiis
1077 2092 1118 2157 ad
1132 2093 1246 2159 fratres
1268 2100 1456 2160 memoratos

262 2204 294 2263 et
323 2218 431 2263 eorum
459 2198 593 2262 heredes
621 2198 763 2279 legitime
793 2197 905 2261 cadere
934 2198 1048 2263 debeat
1077 2202 1109 2262 et
1138 2198 1273 2279 devolvi,
1307 2199 1454 2281 quodque

261 2304 331 2386 ipse
353 2302 521 2368 Habardus
544 2301 649 2365 senior
677 2301 763 2365 idem
786 2306 924 2366 castrum
954 2322 1024 2367 cum
1054 2302 1155 2385 ipsius
1177 2304 1376 2385 pertinentiis
1397 2322 1456 2367 nec

261 2409 294 2472 iu
315 2410 382 2473 vita
404 2407 455 2472 vel
478 2408 510 2471 iu
532 2408 633 2469 morte
657 2406 833 2487 cuicunque
855 2407 947 2472 alteri
969 2425 1123 2489 personae
1145 2406 1456 2489 obligare,alienare

261 2530 318 2578 seu
332 2510 470 2579 uendere
491 2498 601 2593 pessit,
624 2510 730 2575 valeat
752 2510 802 2575 vel
825 2510 939 2576 debeat
961 2512 1073 2593 quovis
1087 2512 1190 2576 modo.
1213 2511 1349 2576 Nostrae
1365 2511 1456 2585 celsi-

259 2614 362 2681 tudini
378 2614 592 2697 supplicantes
612 2610 775 2677 humiliter
797 2616 830 2677 et
852 2612 975 2693 devote,
996 2619 1154 2708 quatenus
1168 2615 1330 2680 donationi
1352 2620 1385 2681 et
1405 2633 1456 2679 re·

260 2719 429 2802 signationi
449 2718 630 2782 huiusmodi
654 2734 840 2783 consensum
861 2716 1013 2782 Nostrum
1034 2720 1157 2800 regium
1186 2720 1337 2785 adhibere
1359 2720 1455 2785 bene-

259 2826 373 2905 volum,
396 2824 563 2907 ipsumque
577 2820 720 2887 Phchtae
738 2822 903 2907 praedicto
925 2827 958 2887 et
979 2822 1080 2904 ipsius
1095 2822 1246 2889 hatribus
1267 2826 1450 2889 memoratis

258 2930 428 2994 autoritate
460 2928 548 3009 regia
575 2926 746 2991 Bohemiae
780 2925 921 2991 conferre
949 2927 1088 3007 gratiose
1117 2926 1327 3009 dignaremur.
1381 2929 1450 2994 Nos

258 3033 341 3100 votis
363 3034 504 3115 ipsorum
523 3030 619 3113 justis
642 3035 674 3095 et
695 3030 936 3097 rationabilibus
958 3036 1132 3095 annuentes
1155 3082 1162 3096 .
1188 3082 1194 3097 .
1220 3083 1227 3097 .
1252 3083 1260 3097 .
1291 3034 1453 3098 donationi

257 3135 438 3203 huiusmodi
467 3152 654 3199 consensum
682 3134 834 3199 Nostrum
862 3136 985 3215 regium
1014 3136 1200 3202 adhibentes
1231 3187 1270 3202 ..
1300 3136 1453 3219 praefatis

256 3242 399 3307 Ph0htae
428 3245 461 3305 et
488 3239 639 3304 iratribus
662 3240 728 3303 suis
752 3290 758 3304 .
784 3290 790 3305 .
816 3289 855 3305 ..
887 3245 1026 3304 castrum
1046 3240 1226 3306 Kostomlat
1255 3241 1452 3323 praedictum

258 3367 328 3412 cum
356 3346 513 3411 universis
536 3346 602 3409 suis
625 3345 824 3426 pertinentiis
853 3344 1039 3410 infandum
1064 3346 1170 3411 nobile
1200 3346 1389 3411 contulimus
1419 3350 1452 3411 et

256 3451 297 3517 de
319 3456 406 3516 certa
427 3454 536 3514 nostra
565 3454 597 3515 et
626 3450 714 3531 regia
735 3449 908 3515 Bohemiae
934 3452 1104 3516 autoritate
1133 3450 1354 3532 praesentibus
1377 3469 1449 3515 con-

255 3555 386 3622 ferimus
415 3554 640 3633 et--donamus,
672 3572 729 3636 per
758 3572 812 3619 eos
842 3558 875 3619 et
915 3572 1024 3620 eorum
1052 3555 1187 3620 heredes
1216 3559 1450 3638 postmortem

255 3660 398 3726 Habardi
430 3660 563 3725 senioris
592 3657 728 3740 praelati
761 3678 780 3723 a
811 3657 919 3739 Nobis,
950 3659 1121 3726 heredibus
1151 3663 1184 3724 et
1213 3659 1449 3724 successoribus

255 3766 380 3830 Nostris
409 3763 581 3829 Bohemiae
610 3762 737 3844 regibus
772 3767 804 3825 et
836 3763 939 3846 ipsius
968 3764 1056 3847 regni
1087 3779 1220 3829 coronae
1250 3764 1308 3829 sub
1336 3764 1449 3828 eodem

254 3868 342 3934 leudi
367 3869 440 3951 jure
468 3871 563 3951 prout
583 3865 737 3932 hactenus
766 3886 950 3950 possessum
972 3870 1095 3935 exstitit
1124 3872 1156 3933 ct
1185 3867 1449 3950 quemadmodum

255 3973 372 4039 caeteri
394 3972 536 4037 feudales
559 3976 591 4036 et
612 3971 724 4036 vasalli
745 3973 867 4039 nobiles
889 3976 978 4055 regui
1001 3973 1172 4038 Bohemiae
1203 3974 1344 4056 ipsorum
1366 3971 1448 4036 bona

254 4077 418 4160 possidere
450 4081 630 4156 noscuntur,
663 4076 853 4156 habendum,
885 4077 1057 4143 tenendum
1089 4082 1122 4143 et
1155 4081 1309 4159 perpetuo
1343 4076 1447 4157 possi-

255 4181 475 4352 denduglastum
497 4284 619 4367 Pragae
642 4285 744 4368 pridie
768 4285 896 4351 Calend.
918 4285 997 4368 Maji
1019 4305 1046 4350 a.
1072 4286 1164 4351 1379.

358 4424 408 4491 (Qf.
426 4424 488 4492 1209.
507 4424 601 4488 adpiari
618 4426 679 4476 3832
697 4423 775 4479 Arch.
795 4424 911 4476 Kariatr
930 4424 1050 4475 Manatcl
1066 4425 1158 4491 deskd.)
