3225 5017
523 332 588 401 Cap.
606 330 680 383 VIII.
702 328 758 382 Res
776 325 985 380 ecclesiasticae.
1298 321 1348 368 207

262 528 329 593 Nos
350 529 449 609 igitur
481 523 662 590 huiusmodi
692 518 975 602 supplicationibus
1006 515 1123 580 auditis
1152 516 1294 579 volentes
1318 513 1349 576 iu

158 635 343 717 praemissis
356 632 545 714 grauitatem
560 633 593 695 et
607 625 795 692 modestiam
807 624 947 689 debitam
962 623 1130 702 observare
1145 638 1182 684 ac
1194 618 1234 684 de
1247 621 1349 683 causis

155 739 338 804 huiusmodi
367 737 459 810 nobis
490 735 642 818 expositis
676 729 941 796 certitudinaliter
976 726 1139 792 informari
1177 722 1349 790 venerabili

152 844 245 910 fratri
266 843 450 922 Bertrando,
475 841 623 923 episcopo
647 835 798 914 Ostiensi,
822 837 854 897 et
876 831 1000 896 dilectis
1024 829 1097 895 filiis
1118 829 1243 908 nostris,
1267 828 1344 893 Ber·
1445 863 1446 868 κ
1483 809 1484 818 “

156 949 256 1015 nardo
278 948 364 1013 tituli
386 947 487 1012 sancti
518 943 635 1010 Giriaoi
664 942 696 1007 in
725 938 847 1003 Termis
874 936 1059 1018 presbitero,
1095 953 1132 1000 ao
1164 932 1348 1016 Raymundc

157 1055 293 1121 Sanctae
315 1052 437 1118 Maniae
457 1070 558 1117 novae
580 1050 722 1128 diacono,
747 1042 970 1122 cardinalibus,
995 1041 1207 1106 commisimus
1224 1039 1349 1104 oraculo

156 1159 251 1225 vivae
278 1158 374 1238 vocis,
397 1160 434 1221 ut
462 1156 502 1220 de
523 1156 707 1237 praemissis
731 1161 836 1227 causis
860 1164 892 1227 et
913 1180 1022 1226 earum
1049 1154 1292 1225 circumstantiis
1318 1153 1351 1217 in

156 1263 276 1330 talibus
312 1261 513 1327 attendendis
551 1279 585 1325 se
615 1262 798 1344 dihgentius
831 1267 1035 1332 informarent
1068 1268 1100 1330 et
1133 1275 1350 1346 quaecumque

156 1380 254 1450 snper
274 1367 337 1432 hiis
358 1366 545 1447 invenirent,
568 1367 659 1431 nobis
681 1364 822 1432 fideliter
844 1366 962 1432 referre
986 1370 1140 1431 curarent.

261 1470 305 1537 Et
327 1471 402 1553 quia
424 1490 482 1553 per
509 1471 694 1536 relationem
723 1472 865 1554 episcopi
896 1470 1054 1536 Ostiensis
1084 1475 1116 1534 et
1145 1467 1352 1534 cardinalium

157 1577 393 1660 praedictorum
415 1577 504 1640 iuxta
528 1577 780 1641 commissionem
801 1577 984 1643 huiusmodi
1006 1578 1146 1640 nostram
1168 1575 1214 1638 eis
1236 1572 1352 1637 factam
1425 1567 1426 1574 ’

156 1681 409 1747 informationem
430 1699 527 1762 super
548 1682 731 1763 praemissis
753 1685 942 1764 receperunt
963 1679 1099 1745 fideliter
1116 1679 1207 1745 nobis
1222 1676 1350 1756 factam,

157 1786 368 1868 comperimus
391 1803 504 1850 causas
526 1785 708 1851 huiusmodi
730 1805 802 1852 esse
824 1805 916 1852 veras
939 1788 971 1850 et
993 1783 1223 1868 quodammodo
1252 1782 1351 1848 mani·

156 1891 255 1957 festas
290 1895 323 1954 et
354 1888 515 1972 postulata
546 1888 728 1955 huiusmodi
760 1889 830 1956 fieri
859 1909 921 1956 non
951 1891 1052 1956 solum
1082 1889 1161 1953 utile
1182 1888 1258 1966 fore,
1294 1887 1351 1951 sed

157 2015 280 2062 summe
302 1995 517 2060 necessarium
550 2014 587 2058 ac
610 1996 707 2059 etiam
729 1999 949 2079 opportunum,
982 2000 1014 2061 et
1034 1997 1202 2077 propterea
1233 1990 1351 2056 cultum

157 2119 281 2182 augere.
308 2100 450 2165 divinum
480 2118 518 2163 ao
549 2098 746 2181 spiritualem
776 2099 952 2166 animarum
982 2099 1166 2182 profectum,
1197 2115 1290 2178 quem
1313 2113 1352 2160 ex

156 2205 220 2270 hiis
236 2203 366 2271 indubie
381 2204 548 2288 pervenire
564 2222 738 2286 speramus,
755 2223 941 2287 promovere
957 2204 1126 2270 salubriter
1139 2201 1348 2280 intendentes,

157 2309 384 2375 deliberatione
407 2327 504 2390 super
523 2308 586 2373 hiis
609 2328 680 2373 cum
695 2308 847 2375 fratribus
862 2293 979 2377 nostris
995 2308 1181 2393 praehabita
1196 2306 1350 2388 diligenti,

156 2414 340 2496 praemissis
370 2418 403 2478 et
437 2412 595 2478 nonnullis
629 2414 701 2480 aliis
732 2415 973 2482 rationabilibus
1008 2414 1112 2480 causis
1146 2410 1351 2477 suadentibus

157 2520 334 2599 ecclesiam,
358 2519 521 2585 ciuitatem
536 2523 568 2583 et
582 2519 736 2585 diocesim
750 2521 942 2603 Pragensem
954 2520 1144 2603 praedictas,
1160 2517 1200 2581 de
1211 2517 1352 2598 ipsorum

153 2624 288 2689 fratrum
310 2622 441 2688 consilio
465 2627 497 2688 et
519 2624 713 2705 apostelicae
735 2625 933 2707 plenitudine
959 2623 1137 2709 potestatis,
1161 2620 1349 2686 auctoritate

157 2728 331 2809 apostolica
368 2731 400 2792 et
437 2746 475 2791 ex
513 2732 600 2793 certa
628 2733 737 2792 nostra
767 2730 910 2808 scientia,
948 2730 988 2794 ab
1019 2728 1102 2793 omni
1129 2724 1350 2809 jurisdictione

155 2834 314 2914 potestate
336 2851 374 2896 ao
397 2832 592 2915 subjectione
614 2831 854 2916 archiepiscopi,
889 2833 943 2914 qui
966 2836 1015 2897 est
1045 2849 1102 2913 pro
1132 2834 1283 2910 tempore,
1320 2832 1351 2891 et

157 2936 344 3001 dilectorum
366 2935 502 3001 filiorum
526 2936 656 3018 capituli
680 2937 834 3001 ecclesiae
856 2935 1117 3018 Maguntinensis,
1142 2953 1265 2999 exnunc
1288 2934 1380 2998 exi-1

155 3044 288 3120 mentes,
311 3041 438 3124 penitus
459 3043 492 3104 et
505 3041 647 3106 totaliter
660 3040 842 3121 liberantes,
858 3060 894 3105 ac
910 3060 980 3106 eam
996 3041 1055 3106 soli
1070 3040 1232 3104 Romanae
1249 3039 1348 3104 eccle-

156 3145 225 3210 siae
248 3144 288 3209 de
310 3149 415 3210 cetero
438 3143 603 3210 subiacere
624 3143 807 3209 immediate
830 3148 982 3227 perpetuo
1006 3145 1221 3222 decemontes,
1249 3142 1351 3223 ipsam

155 3247 348 3329 Pragcnsem
381 3248 550 3314 ecclesiam
580 3248 621 3312 ad
653 3248 715 3313 Dei
744 3248 872 3312 laudem
906 3253 938 3314 ct
959 3248 1100 3330 gloriam,
1130 3246 1352 3312 exaltationem

155 3351 332 3418 catholicae
364 3351 448 3433 fidei,
483 3352 626 3418 eiusdem
660 3354 763 3417 cultus
793 3357 997 3434 augmentum
1027 3356 1060 3417 et
1082 3352 1257 3417 animarum
1279 3368 1351 3432 pro-

153 3456 273 3521 fectum
295 3457 328 3521 in
350 3458 625 3539 metropolitanam
647 3457 808 3538 erigimus,
832 3457 997 3540 ipsamque
1018 3457 1190 3522 honoribus
1217 3459 1250 3520 et
1271 3455 1347 3519 insi-

154 3559 239 3640 gniis
283 3561 369 3626 sedis
411 3561 662 3643 metropoliticae
707 3561 893 3626 decoramus
938 3561 1127 3627 auctoritate
1153 3560 1346 3645 p'praedicta,

154 3662 377 3730 nichilominus
400 3669 585 3745 statuentes,
609 3665 694 3748 quod
716 3665 788 3748 ipsa
809 3664 977 3747 Pragensis
1000 3664 1135 3730 ecclesia
1158 3683 1214 3747 pro
1236 3667 1352 3728 metro-

154 3768 298 3850 politana
325 3770 557 3852 imperpetuum
591 3769 746 3836 habeatur
779 3773 812 3834 et
841 3770 909 3835 eius
938 3771 1066 3852 praesul
1092 3769 1349 3853 archiepiscopus

157 3875 255 3938 etiam
278 3878 451 3940 censeatur.

260 3977 304 4043 Et
341 3979 415 4062 quia
453 3978 581 4061 dignum
619 3983 677 4059 est,
712 3998 750 4044 ex
787 3998 850 4063 quo
884 3979 968 4044 dicta
1005 3979 1139 4045 ecclesia
1175 3978 1352 4058 Pragansis

155 4083 232 4148 olim
264 4081 339 4163 filia,
373 4101 456 4148 nunc
488 4088 590 4148 mater
626 4083 747 4164 effecta,
778 4084 1029 4166 metropoliticae
1058 4083 1222 4165 dignitatis
1246 4100 1353 4146 susce·

153 4191 230 4268 ptae
265 4187 402 4268 insignia
431 4185 645 4268 suffraganeos
675 4191 708 4252 et
736 4188 930 4271 provinciam
961 4188 1124 4252 decentem
1154 4188 1279 4266 habeat,
1317 4191 1353 4250 ut

154 4290 197 4355 ad
228 4291 381 4357 iudicium
418 4290 647 4374 archiepiscopi
682 4291 860 4374 Pragensis,
895 4293 949 4373 qui
983 4310 1038 4373 pro
1065 4295 1207 4373 tempore
1246 4291 1350 4371 fuerit,

155 4413 264 4460 omnes
286 4414 401 4461 causae
424 4396 693 4478 suffraganeorum
716 4397 936 4479 episcoporum
958 4401 990 4461 et
1012 4415 1217 4480 personarum
1252 4397 1352 4462 eccle·
1405 4444 1408 4452 ,
