3225 5017
235 288 252 337 a
434 283 500 353 Cap.
517 282 538 336 1.
556 283 613 339 Res
631 283 667 338 ad
683 285 761 354 regni
779 284 1047 341 adminisbationem
1065 290 1230 355 spectantes.

234 481 419 564 requirendi
449 483 483 546 et
513 479 659 560 exigente
687 480 812 545 ratione
842 480 1027 547 removendi
1058 486 1090 547 et
1119 481 1200 548 alios
1230 486 1427 565 surrogandi,

236 586 295 670 (2.)
319 603 444 666 census,
473 584 619 650 redditus
649 588 683 650 et
707 584 783 668 jura
803 582 923 652 Nostra
950 586 1073 668 regalia
1099 586 1140 653 ab
1161 588 1284 654 eisdem
1306 593 1338 653 et
1359 588 1430 655 eliis

234 693 362 757 Nostris
385 690 523 757 subditis
538 690 695 773 exigendi,
717 691 896 774 recipiendi
919 696 952 757 et
972 710 1031 774 pro
1046 691 1173 758 Nostris
1197 692 1309 759 usibus
1331 710 1431 757 reser-

235 797 341 878 vandi,
362 796 422 879 (3.)
442 793 599 861 beneficia
620 796 837 863 ecclesiastica
859 814 968 863 curam
989 797 1167 863 animarum
1188 816 1252 863 non
1273 796 1430 877 habentia,

236 903 269 966 in
291 900 407 983 quibus
429 900 531 966 Nobis
558 900 613 982 Jus
639 906 830 983 patronatus
854 902 1016 984 competit,
1046 901 1148 968 Nobis
1170 907 1260 967 extra
1280 901 1431 968 Boemiae

236 1025 369 1088 regnum
392 1004 575 1072 constitutis
598 1004 792 1087 conferendi,
816 1006 859 1072 ad
880 1006 937 1072 illa
964 1006 1040 1072 dum
1062 1007 1255 1087 vacaverint,
1278 1024 1431 1089 personas

237 1111 369 1175 idoneas
391 1108 629 1191 praesentandi,
653 1109 702 1195 (4)
723 1130 847 1176 necnon
869 1111 976 1178 omnia
998 1114 1032 1177 et
1053 1110 1116 1177 alie
1138 1110 1266 1193 singula
1285 1109 1432 1192 faciendi,

237 1215 366 1297 quaein
380 1212 565 1296 praemissis
581 1217 737 1280 eteorum
752 1214 897 1299 quolibet
916 1214 1036 1281 fixerint
1058 1219 1238 1298 opportuna
1253 1221 1286 1281 et
1299 1214 1432 1282 Nosmet

236 1320 299 1403 ipsi
321 1318 426 1384 facere
447 1336 630 1400 possemne,
653 1318 681 1384 si
703 1320 916 1402 personaliter
937 1320 1130 1387 adessemus.
1154 1320 1271 1385 Reium
1292 1321 1433 1388 habituri

237 1428 394 1508 perpetuo
424 1428 522 1509 atque
550 1427 685 1505 gratum,
716 1424 869 1507 quicquid
899 1442 958 1508 per
979 1441 1037 1490 vos
1066 1428 1123 1491 aut
1151 1424 1270 1491 alteros
1291 1430 1433 1492 vestrum

238 1550 295 1596 seu
337 1530 474 1595 alterum
514 1533 630 1611 actum,
675 1533 891 1613 procuratum,
937 1528 1192 1594 administratum
1231 1529 1329 1597 luerit
1369 1531 1433 1598 sive

237 1639 362 1717 gestum
389 1635 473 1701 circa
494 1635 673 1718 praemissa
695 1640 728 1699 et
749 1633 917 1718 quodlibet
939 1634 1197 1717 praemissorum.

341 1757 550 1823 Decernimus
564 1762 673 1823 autem
695 1760 729 1823 et
742 1757 899 1837 volumus,
923 1760 960 1823 ut
981 1762 1153 1840 postquam
1174 1776 1270 1824 uuam
1286 1760 1326 1825 de
1340 1778 1431 1842 prae-

238 1864 344 1931 missis
377 1861 694 1938 administrationem,
730 1863 940 1941 vocatiouem,
976 1862 1216 1945 inquisitionem
1249 1866 1306 1928 aut
1339 1864 1434 1929 aliam

238 1968 457 2036 executionem
485 1968 635 2048 secantis,
673 1985 730 2032 seu
761 1967 802 2031 ad
832 1985 931 2030 unum
960 1964 1150 2031 beneficium
1180 1967 1431 2034 ecclesiasticum

238 2074 357 2140 Nostro
398 2073 525 2138 nomine
562 2070 843 2156 praesentaveritis
883 2069 1034 2136 clericum
1067 2070 1227 2152 idoneum,
1268 2073 1310 2138 ad
1338 2073 1433 2138 aliam

238 2178 554 2258 administrationem,
571 2177 790 2243 executionem
805 2176 857 2241 vel
871 2175 1162 2257 praesentationem
1177 2175 1296 2259 absque
1315 2178 1435 2244 Nostra

239 2284 371 2365 speciali
392 2284 529 2350 scientia
544 2282 719 2365 procedere
742 2280 926 2346 nullatenus
948 2279 1110 2358 debeatis3
1133 2279 1277 2363 alioquin
1299 2300 1338 2347 ea
1352 2300 1434 2364 quae

239 2408 298 2471 per
318 2406 375 2453 ros
397 2388 448 2453 vel
478 2387 618 2470 aliquem
639 2390 781 2452 vestrum
803 2385 923 2449 virtute
950 2383 1167 2466 praesentium
1197 2387 1335 2452 secundo
1364 2385 1433 2450 loco

239 2492 325 2558 facta
346 2491 474 2573 luerint,
498 2492 644 2558 volumus
666 2508 730 2555 non
753 2489 871 2555 valere.

342 2615 404 2679 Per
424 2618 626 2697 praesentem
649 2617 755 2677 autem
778 2611 1038 2677 constitutionem
1058 2612 1208 2679 Nostram
1234 2612 1432 2680 administra-

239 2727 326 2785 tores
339 2718 476 2785 Nostros
498 2724 531 2784 et
552 2721 774 2802 procuratores
797 2716 888 2799 prius
906 2735 965 2798 per
978 2714 1128 2783 Nostram
1152 2716 1379 2786 celsitudinem
1400 2718 1433 2783 in

239 2825 371 2891 Boemia
393 2825 584 2890 constitutos
606 2840 670 2888 uon
692 2820 888 2888 intendimus
910 2840 1069 2887 revocare.

343 2946 563 3013 Haeseutium
585 2950 644 3012 etc.

344 3101 481 3169 (mmmm
508 3119 522 3153 c
544 3100 668 3167 Oopiorio
692 3099 826 3154 Melicenai
849 3099 919 3167 typis
950 3099 1081 3165 εωεονίρια
1110 3100 1139 3153 ia
1164 3100 1201 3154 Μ.
1229 3099 1347 3154 Pelso-it
1368 3099 1433 3150 libro

243 3190 377 3242 historico:
396 3189 429 3243 K.
447 3188 517 3241 Kerl
534 3190 582 3240 der
604 3187 695 3242 Vierte.
718 3186 924 3240 Urlecodeobocb
943 3183 1056 3254 dcxx).

346 3400 376 3465 2.
399 3396 674 3464 Wenceslaus
697 3400 757 3463 etc.
779 3394 969 3461 Honorabili
992 3398 1052 3462 etc.

347 3520 498 3598 Quamvis
513 3524 699 3585 cunctorum
709 3516 901 3583 Nostrorum
913 3516 1056 3584 fidelium
1071 3522 1105 3583 et
1121 3519 1314 3599 agendorum
1329 3517 1436 3583 multi-

243 3626 374 3708 plicium
405 3623 472 3689 Nos
508 3624 621 3705 ingens
659 3640 735 3689 cura
771 3623 932 3704 sollicitet,
971 3640 1105 3704 regnum
1138 3627 1246 3688 umen
1281 3621 1434 3687 Nostrum

244 3749 315 3797 cum
346 3729 478 3795 annexis
500 3728 568 3795 suis
597 3732 687 3794 tanto
714 3726 967 3810 praecordialius
997 3730 1151 3809 mutoque
1174 3726 1361 3808 diligentius
1389 3727 1438 3792 in-

243 3840 380 3915 tuemur,
422 3836 539 3916 quanto
571 3830 653 3897 illud
685 3836 847 3915 tamquam
881 3834 978 3913 caput
1019 3834 1052 3897 et
1090 3830 1267 3896 membrum
1298 3830 1438 3897 nobilius

246 3939 397 4019 omnium,
420 3953 501 4019 quae
516 3935 618 4003 Nobis
640 3955 660 4001 a
683 3934 791 4001 dimna
804 3939 966 4018 potestate
981 3934 1097 4001 collata
1111 3938 1195 4017 sunt,
1218 3936 1438 4018 cognoscimus

245 4042 349 4109 carius
372 4040 577 4123 diligendum.
601 4038 681 4107 Cum
703 4040 812 4123 itaque
825 4040 928 4125 ipsius
942 4039 1033 4121 regni
1048 4038 1321 4121 gubernationem,
1343 4058 1438 4123 quam

245 4146 457 4214 libentissime
470 4145 683 4229 personaliter
697 4164 875 4229 ageremus,
895 4144 958 4211 nisi
971 4143 1170 4211 diuersarum
1185 4144 1437 4226 occupationum,

246 4270 304 4333 pro
327 4247 444 4333 quibus
466 4250 508 4316 ad
529 4250 702 4316 utilitatem
723 4248 865 4316 fidelium
887 4268 947 4331 per
968 4248 1115 4331 regiones
1137 4248 1242 4314 varias
1257 4246 1440 4331 frequenter

248 4353 462 4434 distrahimur,
483 4353 703 4435 multiplicitas
720 4354 873 4433 obviaret,
897 4354 1064 4436 cupiamus
1087 4351 1253 4419 affectibus
1268 4352 1439 4418 salubriter
