3225 5017
552 363 618 432 Cap.
635 363 683 416 IX.
700 362 882 420 Universitas'.
1261 371 1312 421 ate

115 566 244 628 extimo·
264 578 321 644 pro
355 557 569 624 declaratione
597 556 781 641 hujusmodi
811 556 900 625 dubii
929 558 971 624 ad
991 575 1073 641 nos,¹
1086 561 1326 628 cancellarium:

112 661 217 751 ipsius
238 664 460 732 universitatis
484 681 540 728 seu
564 661 671 743 studii,
694 666 842 728 recursus
864 664 1027 730 habeatur.

215 789 346 868 Harum,
369 787 485 869 quibus
507 787 647 869 sigillum
661 789 804 851 nostrum
818 787 921 870 majus
944 790 994 853 est
1008 804 1193 870 appensum,
1217 789 1308 854 testi-

114 895 219 962 monio
242 894 435 969 litterarum,
526 944 531 958 .
1212 927 1213 932 η

216 1001 336 1066 Datum
356 998 480 1081 Pragae
502 1014 585 1063 anno
608 995 735 1062 Domini
758 992 941 1079 MCCCLX,
964 995 1017 1062 die
1039 997 1162 1064 decimo
1191 998 1321 1064 mensisw

115 1105 246 1189 Aprilis.
989 1131 990 1134 π

215 1227 299 1297 (qu.
318 1225 420 1279 archivi
441 1224 516 1280 Unio.
535 1223 615 1292 Prag.
642 1253 677 1263 -
703 1223 795 1289 Peizel,
814 1221 919 1278 Attila.
937 1221 988 1278 ΙΠ.
1003 1241 1034 1292 p.
1053 1223 1157 1279 XXIX.
1175 1241 1209 1266 -a
1236 1225 1308 1279 Mon.

118 1315 178 1369 aar.
201 1313 275 1368 Unio.
294 1313 331 1367 II.
348 1313 416 1379 dipl.
434 1312 494 1379 IV.)
1034 1335 1037 1342 v
1075 1341 1078 1350 ,
1133 1352 1134 1356 ,
1283 1311 1284 1314 ’

217 1493 246 1556 6.
271 1488 506 1572 Collegium
530 1485 680 1554 Caroli.
706 1488 799 1552 1366.
828 1487 879 1563 30.
903 1485 990 1552 Julii.
1076 1551 1081 1558 ,

216 1596 253 1660 In
275 1594 401 1661 nomine
423 1597 554 1659 sanctae
577 1596 610 1658 et
630 1592 815 1658 individuae
837 1591 1003 1660 Trinitatis
1031 1590 1176 1674 feliciter,
1206 1611 1307 1660 amen.

220 1699 353 1766 Carolus
377 1704 508 1784 quartus
532 1700 640 1766 divina
653 1699 782 1765 favente
796 1697 964 1764 clementia
978 1696 1191 1764 Romanorum
1208 1698 1309 1781 impe-

114 1810 203 1872 rator
224 1824 349 1889 semper
369 1804 544 1888 Augustus,
568 1810 601 1870 et
622 1804 772 1869 Boemiae
793 1821 858 1868 rex.

220 1910 271 1975 Ad
292 1915 479 1994 perpetuam
508 1910 555 1976 rei
577 1909 771 1975 memoriam.

214 2032 343 2116 Regalis
372 2030 626 2099 mansuetudinis
659 2036 784 2113 gratum
823 2029 963 2096 officium
980 2013 1024 2095 ex
1057 2031 1186 2096 innatae
1207 2027 1309 2099 Nobis

109 2137 317 2218 benignitatis
341 2138 508 2203 elementia
528 2142 606 2203 tuno
630 2153 778 2202 exercere
800 2135 897 2221 digna
915 2135 1108 2212 liberalitate
1130 2153 1306 2218 censemur,

108 2242 186 2306 dum
207 2242 249 2308 ad
271 2263 318 2324 ea,
343 2261 424 2326 quae
447 2243 638 2309 christianae
660 2240 735 2307 fidei
757 2239 832 2307 felix
865 2244 1069 2322 augmentum
1099 2241 1312 2323 prospiciunt

107 2347 303 2415 attendimus
337 2353 493 2414 accurate.
540 2347 622 2413 Sane
656 2365 728 2412 cum
760 2347 997 2412 sacratissimae
1028 2345 1202 2412 catholicae
1231 2345 1307 2413 fidei

107 2451 319 2516 fundamenta
350 2452 384 2517 in
417 2438 574 2534 sapientia
607 2451 773 2516 doctorum
805 2451 953 2530 existant,
988 2468 1097 2515 eorum
1126 2452 1320 2534 praecipue,

106 2556 163 2637 qui
187 2574 297 2621 sacrae
318 2556 498 2638 theologiae
519 2555 713 2623 beatissimis
736 2554 851 2620 studiis
873 2554 1069 2620 innituntur:
1097 2552 1165 2620 Nos
1188 2555 1229 2620 ad
1250 2556 1306 2621 ho·

106 2679 219 2727 norem
242 2661 467 2743 omnipotentis
489 2661 549 2727 Dei
573 2665 606 2726 et
627 2661 862 2727 venerationem
884 2656 958 2723 fidei
981 2657 1175 2724 orthodoxae
1199 2660 1306 2727 multi·

106 2764 273 2847 plicationi
296 2746 460 2831 doctorum
488 2769 585 2849 atque
614 2765 837 2847 magistrorum
868 2781 978 2829 sacrae
1001 2764 1136 2847 paginae
1163 2764 1305 2830 volentes

106 2869 283 2950 intendere,
318 2873 355 2934 ut
376 2888 414 2935 eo
435 2869 549 2936 fortius
583 2889 684 2954 eoque
717 2870 842 2934 dulcius
872 2885 960 2934 amor
990 2865 1064 2934 fidei
1093 2869 1127 2933 in
1156 2868 1304 2936 cordibus

105 2973 270 3038 radicetur
291 2972 441 3055 fidelium,
465 2993 527 3057 quo
550 2975 657 3057 plures
683 2973 811 3055 fuerint,
841 2973 895 3057 qui
926 2977 1036 3039 'sacrae
1065 2972 1228 3040 doctrinae
1250 2974 1305 3040 do-

107 3076 233 3143 cuerint
254 3077 439 3158 veritatem,
470 3083 663 3161 quapropter
684 3077 788 3143 animo
811 3077 995 3158 deliberato,
1020 3095 1096 3142 sano
1125 3079 1304 3163 principum

109 3187 145 3248 et
165 3199 331 3265 procerum
353 3181 543 3247 Nostrorum
567 3182 738 3247 accedente
768 3182 908 3262 consilio,
938 3183 1000 3248 rite
1030 3182 1245 3266 disposuimus
1271 3185 1304 3252 in

105 3286 208 3353 nobili
231 3286 360 3351 civitate
374 3286 492 3352 Nostra
512 3286 675 3369 Pragensi,
699 3287 753 3353 ubi
776 3286 862 3352 sedis
884 3286 1078 3374 apostolicae
1099 3289 1203 3370 gratia
1218 3293 1304 3355 etex

110 3379 266 3457 consensu
296 3391 383 3472 regio
415 3390 566 3456 Boemiae
594 3390 635 3456 ad
665 3391 854 3474 principum,
883 3391 1045 3472 baronum,
1076 3410 1241 3475 procerum
1272 3397 1304 3459 et

103 3486 337 3578 regnicolarum
357 3497 460 3579 ipsius
481 3496 666 3562 instantiam
687 3497 774 3578 riget
792 3495 938 3562 Studium
955 3495 1120 3578 Generale,
1144 3499 1303 3581 quoddam

103 3600 238 3666 fundare
261 3607 294 3666 et
314 3601 493 3667 instaurare
517 3600 702 3693 Collegium,
723 3602 809 3685 quod
832 3603 929 3668 etiam
950 3603 1171 3685 praesentibus
1194 3608 1302 3669 aucto-

106 3707 203 3771 ritate
225 3701 314 3787 regia
335 3705 486 3771 Boemiae
507 3706 569 3770 rite
589 3705 791 3772 fundavimus
819 3711 851 3773 et
873 3707 1019 3772 duximus
1050 3707 1299 3790 instaurandum,

108 3811 203 3894 eique
222 3828 261 3874 ex
274 3810 400 3876 nomine
414 3810 541 3890 Nostro,
556 3814 686 3878 auctore
700 3811 845 3893 Domino,
861 3812 1006 3878 felicibus
1021 3812 1174 3895 auspiciis
1187 3830 1302 3879 nomen
1358 3821 1360 3836 '

102 3914 306 3997 imponimus,
329 3919 366 3980 ut
380 3913 556 3997 Collegium
579 3913 685 3981 Caroli
706 3916 869 3998 perpetuis
891 3915 1086 3999 temporibus
1105 3917 1299 4000 appelletur,

105 4020 219 4085 dantes
242 4023 274 4084 et
297 4019 504 4085 concedentes
527 4019 631 4084 eidem
654 4017 794 4101 Collegio
822 4021 1011 4088 auctoritate
1040 4021 1128 4103 regia
1150 4020 1299 4089 Boemiae

104 4141 163 4207 pro
185 4121 296 4204 Nobis,
319 4124 490 4190 heredibus
513 4127 547 4188 et
569 4122 806 4189 successoribus
829 4123 965 4204 Nostris,
988 4123 1138 4214 Boemiae
1160 4127 1298 4208 regibus,

105 4231 138 4292 et
160 4228 304 4310 ejusdem
325 4229 415 4311 regni
439 4245 553 4293 corona
582 4228 815 4311 imperpetuum
848 4247 904 4311 pro
925 4227 1154 4296 inhabitatione
1177 4243 1316 4297 aocom·'

104 4331 200 4398 moda
222 4334 445 4416 magistrorum
460 4351 505 4399 ac
528 4333 724 4399 studentium
745 4332 900 4417 praedicti
924 4335 1048 4418 collegii
1078 4354 1148 4401 eam
1171 4336 1315 4403 domum?

104 4437 138 4501 in
160 4435 276 4520 Majori
299 4437 437 4504 Ciuitate
450 4437 612 4520 Pragensi,
636 4457 718 4522 quae
740 4439 854 4506 Lazari
877 4438 1002 4521 dicitur,
1027 4458 1099 4505 oum
1114 4458 1172 4506 suo
1193 4443 1298 4510 curtili

1145 4543 1195 4599 rr*
