3225 5017
263 280 265 286 ¹
307 306 357 358 168
534 262 536 269 Ι
713 298 1094 370 0111111111111111111.

305 495 496 578 praesident,
528 495 578 562 vel
611 495 762 580 majorem
792 499 915 578 partem
938 514 1055 576 eorum,
1086 494 1127 560 ad
1148 495 1235 562 idem
1257 494 1492 560 examinationis

204 687 206 692 s
308 599 446 667 officium
469 601 615 666 similiter
637 601 807 684 deputetur
829 605 862 666 et
883 603 923 667 ab
946 602 1060 696 eodem
1071 605 1280 682 removeatur,
1302 600 1427 683 quoties
1446 601 1492 664 f-

309 706 369 771 erit
391 709 609 788 opportunum.
1225 751 1235 777 f

409 810 498 875 Idem
528 810 624 876 etiam
655 811 850 894 examinator
878 810 1037 876 secundus
1066 829 1123 894 pro
1153 811 1268 879 salario
1296 810 1414 877 laboris
1447 808 1492 872 sui

305 933 325 980 a
338 915 438 982 Nobis
454 919 487 980 et
501 919 573 997 post
594 913 660 980 Nos
675 915 818 997 quolibet
831 934 907 996 rege
921 915 1094 980 Bohemiae
1110 934 1168 998 pro
1182 920 1326 998 tempore
1340 913 1492 991 existenti,

306 1019 346 1084 de
367 1020 527 1102 regalibus
549 1019 692 1101 pecuniis
715 1019 754 1084 ab
774 1020 936 1085 urberario
951 1021 1039 1102 regio
1055 1020 1197 1101 qualibet
1210 1019 1388 1102 septimana
1402 1037 1495 1082 unam

304 1141 444 1189 marcam
466 1140 655 1205 grossorum,
686 1122 837 1189 videlicet
865 1123 1095 1205 quinquaginta
1124 1141 1179 1188 sex
1208 1140 1337 1204 grossos
1358 1121 1493 1199 babebit,

308 1227 459 1312 quamdiu
483 1246 575 1292 suum
597 1225 734 1292 officium
757 1227 903 1310 legaliter
924 1227 1120 1309 gubernabit.

409 1332 451 1398 Hi
481 1352 617 1416 namque
650 1333 745 1398 ambo
777 1333 1008 1398 examinatores
1033 1332 1185 1415 jurabunt
1213 1330 1427 1413 corporaliter,
1461 1334 1494 1393 ut

307 1441 356 1502 est
370 1438 477 1518 moris,
501 1438 585 1523 quod
601 1437 700 1505 Nobis
717 1441 749 1502 et
764 1432 1001 1502 successoribus
1016 1437 1152 1516 Nostris,
1172 1435 1300 1518 regibus
1315 1435 1493 1514 Bohemiae,

305 1560 402 1624 regno
426 1547 459 1608 et
473 1561 607 1608 coronae
622 1541 802 1622 Bohemiae,
827 1560 885 1606 nee
898 1559 961 1606 non
976 1542 1146 1606 baronibus
1161 1539 1258 1622 regni,
1282 1556 1340 1622 pro
1356 1539 1495 1622 ejusdem

306 1647 396 1729 regni
410 1646 574 1729 republica
589 1652 621 1712 et
635 1645 787 1730 profectu,
811 1646 843 1710 in
858 1641 961 1709 officio
977 1645 1024 1710 eis
1044 1644 1210 1709 commisso
1225 1641 1337 1709 fideles
1351 1644 1494 1721 existant,

307 1752 455 1834 quodque
478 1749 581 1816 officio
604 1749 846 1816 examinationis
867 1750 989 1830 argenti
1012 1753 1045 1813 et
1066 1766 1248 1831 grossorum
1262 1753 1295 1814 et
1308 1748 1494 1814 hallensium

306 1873 455 1937 praeesse
474 1856 582 1935 velint,
605 1857 772 1920 teneantur
793 1858 827 1918 et
849 1853 986 1918 debeant
1005 1853 1122 1933 taliter,
1146 1853 1230 1936 quod
1252 1853 1354 1934 grossi
1376 1857 1410 1916 et
1430 1852 1495 1916 1111-

305 1960 410 2024 111111
428 1961 516 2042 juste
539 1964 571 2024 et
592 1959 737 2041 legaliter
759 1959 923 2037 cudentur,
946 1977 1005 2022 111
1028 1961 1142 2022 exeant
1163 1958 1204 2022 de
1222 1961 1348 2023 moneta
1370 1975 1428 2022 seu
1450 1957 1496 2020 di-

305 2064 502 2150 stribuantur
522 2065 556 2128 in
579 2083 626 2144 ea,
649 2065 711 2130 nisi
734 2064 822 2147 prius
845 2082 904 2146 per
917 2063 1046 2128 eosdem
1061 2064 1292 2128 examinatores
1313 2061 1495 2144 adplenum

306 2169 484 2249 examinati,
518 2169 642 2251 probati
665 2173 698 2233 et
719 2168 839 2250 legales
860 2169 979 2250 reperti
1001 2169 1065 2233 sint
1087 2168 1260 2233 secundum
1282 2167 1414 2249 pondus,
1438 2186 1495 2248 pu-

304 2272 440 2353 ritatem,
465 2290 596 2338 coneum
618 2291 675 2336 seu
697 2290 830 2352 granum
852 2276 885 2336 et
898 2272 1072 2338 bonitatem
1087 2272 1236 2352 debitam,
1260 2275 1296 2335 ut
1309 2270 1492 2352 praefertur.

397 2378 446 2442 ,In
477 2398 584 2445 casum
606 2398 691 2459 vero,
722 2380 807 2462 quod
838 2398 899 2443 non
928 2380 1047 2462 legales
1070 2384 1103 2445 et
1120 2380 1199 2462 justi
1225 2378 1374 2461 ponderis
1396 2377 1495 2458 grossi

308 2500 365 2546 seu
387 2483 545 2548 1111111111
567 2484 658 2561 ultra
673 2484 903 2548 ordinationem
917 2483 1067 2549 Nostram
1080 2483 1276 2565 praedictam
1290 2481 1422 2546 forsitan
1444 2500 1495 2546 cu-

307 2588 456 2652 derentur
486 2593 518 2652 et
545 2588 745 2668 negligentia
768 2589 836 2652 sive
869 2589 963 2670 culpa
987 2589 1143 2653 dictorum
1175 2587 1422 2654 examinatorum
1444 2604 1495 2649 ve

305 2692 389 2759 niret
410 2691 443 2756 in
463 2692 634 2774 publicum,
658 2710 755 2773 snper
776 2691 837 2759 hoc
859 2693 1088 2757 examinatores
1115 2691 1212 2756 iidem
1234 2691 1359 2774 quoties
1381 2691 1495 2754 fuerint

305 2797 454 2876 accusati,
478 2815 583 2862 coram
592 2796 692 2862 Nobis
708 2799 741 2861 et
755 2797 991 2863 successoribus
1012 2796 1148 2876 Nostris,
1163 2794 1335 2860 Bohemiae
1357 2795 1492 2876 regibus

305 2920 364 2966 nec
386 2919 448 2964 non
470 2901 639 2966 baronibus
662 2900 805 2983 ejusdem
828 2901 918 2981 regni
936 2899 1057 2984 judicio
1088 2900 1187 2972 caude
1208 2900 1342 2980 singulis
1363 2903 1496 2980 quatuor

306 3006 500 3086 temporibus
522 3005 787 3088 praesidentibus,
818 3023 1002 3086 comparere
1027 3004 1232 3086 corporaliter
1259 3006 1435 3083 teneantur,
1465 3006 1496 3066 et

307 3110 361 3191 (si)
382 3128 440 3192 per
463 3128 595 3174 coneum
610 3127 666 3173 seu
682 3128 814 3190 granum
831 3127 926 3190 super
949 3109 1089 3174 bonitate
1103 3113 1137 3174 11
1157 3107 1296 3190 pondere
1318 3124 1494 3189 grossorum

306 3218 339 3278 et
363 3213 553 3286 hallensium
574 3212 754 3297 hujusmodi
784 3213 963 3277 ordinatum
994 3218 1027 3277 et
1057 3211 1177 3278 factum
1206 3211 1342 3276 convicti
1371 3211 1494 3288 fuerint,

305 3321 466 3400 tamquam
486 3317 607 3382 falsarii
629 3318 723 3398 digno
745 3318 856 3382 mortis
878 3315 1034 3399 supplicio
1056 3316 1236 3398 puniantur.

409 3421 510 3484 Etut
538 3420 660 3486 falsitas
689 3421 812 3502 argenti
841 3438 1023 3502 grossorum
1044 3423 1077 3484 et
1104 3418 1294 3485 hallensium
1316 3417 1496 3501 hujusmodi

304 3524 431 3590 facilius
454 3529 550 3608 atque
572 3526 689 3590 realius
705 3529 922 3608 cognoscatur,
946 3526 1114 3590 statuimus
1129 3528 1162 3589 et
1176 3523 1321 3589 volumus
1337 3522 1497 3589 observari

304 3632 467 3711 perpetuo,
498 3630 583 3713 quod
618 3630 750 3713 quilibet
779 3631 940 3712 baronum,
971 3631 1025 3713 qui
1051 3627 1173 3712 judicio
1196 3627 1294 3692 caude
1316 3632 1393 3692 sunt
1414 3627 1496 3692 soliti

305 3733 497 3815 praesidere,
520 3755 617 3799 unum
640 3754 771 3800 coneum
795 3755 851 3800 seu
873 3754 1006 3818 granum
1028 3732 1208 3816 hujusmodi
1231 3733 1265 3795 in
1281 3732 1426 3796 custodia
1442 3750 1497 3796 sua

306 3838 443 3902 retineat
464 3839 505 3903 ad
528 3840 777 3904 examinatorum
799 3839 1033 3920 praedictorum
1055 3838 1180 3919 culpam
1202 3855 1258 3900 seu
1273 3837 1496 3918 negligentiam

305 3942 366 4006 1111
389 3961 464 4007 casu
487 3946 519 4008 et
541 3943 675 4007 aliorum
704 3961 961 4026 quorumcunque
989 3943 1161 4008 falsitatem
1184 3961 1241 4006 sno
1263 3945 1407 4022 ternpore
1429 3960 1495 4004 rea·

306 4047 380 4111 liter
403 4048 648 4113 convincendam
670 4051 703 4112 et
726 4048 819 4128 digno
843 4047 998 4130 supplicio
1020 4048 1220 4129 puniendam.

410 4153 454 4216 Et
481 4171 521 4216 ne
544 4171 601 4234 per
621 4151 697 4233 Nos,
728 4152 866 4216 heredes
885 4155 918 4216 et
939 4170 1139 4217 successores
1160 4151 1303 4230 Nostros,
1326 4149 1495 4216 Bohemiae

306 4274 408 4337 regeS,
439 4275 589 4338 praesens
620 4256 785 4335 ordinatio,
817 4256 983 4338 dispositio
1006 4260 1039 4322 et
1061 4260 1223 4335 statutum,
1254 4259 1349 4337 prout
1371 4273 1495 4337 expres-

308 4365 419 4425 santur
433 4361 589 4444 superius,
613 4380 695 4442 quae
711 4360 807 4424 etiarn
822 4378 879 4441 pro
893 4359 1003 4440 Nobis,
1025 4360 1196 4438 heredibus
1215 4364 1249 4425 et
1262 4360 1494 4425 successoribus
