3225 5017
236 282 253 330 4
436 276 503 345 Cap.
522 276 543 331 I.
561 274 615 329 Res
634 274 670 328 ad
687 236 1044 361 regni'adminiitrationom
1063 278 1227 344 spectantes.

235 488 293 553 per
322 470 426 534 omnia
459 469 492 533 in
522 468 585 533 illis
613 467 757 550 partibus
789 470 898 533 tenere
930 468 1107 552 plenarium
1135 470 1240 534 locum
1267 468 1426 535 Nostrum.

235 575 270 661 t)
294 574 401 641 Novas
423 578 529 640 tamen
551 572 780 639 infeudationes
802 579 836 638 et
857 574 1063 640 alienationes
1085 578 1255 657 perpetuas
1276 575 1335 641 tibi
1358 592 1429 639 esse

236 685 268 747 et
289 679 423 762 intelligi
444 679 590 747 uolumus
612 679 835 762 praesentibus
857 679 1052 745 interdictae.

339 782 527 850 Mandemus
561 784 658 866 igitur
690 783 848 849 universis
880 784 1049 867 episcopis,
1085 785 1245 866 praelatis,
1285 785 1427 865 ducibus,

234 889 349 958 villicis
380 894 438 955 etc.
469 889 646 973 ceterisque
674 889 856 955 hominibus
885 893 1042 954 terrarum
1063 889 1163 954 Nobis
1192 890 1429 971 suppositarum

236 999 269 1061 et
289 995 565 1079 supponendarum
586 993 805 1077 inposterum,
829 994 1054 1077 cujuscumque
1076 994 1310 1076 praeementiae
1332 994 1429 1059 exsti·

235 1099 341 1180 terint,
372 1103 527 1181 quatenus
554 1098 614 1164 tibi
642 1098 675 1163 in
704 1098 849 1163 omnibus
879 1105 912 1165 et
939 1116 997 1181 per
1019 1098 1122 1163 omnia
1144 1101 1306 1181 tamquam
1327 1098 1428 1165 Nobis

235 1223 356 1287 parere,
379 1202 508 1269 obedire
529 1206 562 1267 et
581 1200 746 1267 intendere
767 1201 903 1268 debeant
923 1199 1060 1269 fideliter
1081 1207 1113 1268 et
1135 1202 1257 1269 devote.

339 1310 458 1374 Datum
480 1310 538 1374 etc.
562 1309 711 1389 praesent
732 1309 791 1372 etc.

340 1447 379 1516 (E
394 1445 480 1501 codice
500 1444 606 1500 Mon.
626 1444 653 1499 0.
670 1447 702 1497 3:
720 1444 845 1513 Pclccbp',
863 1444 1058 1499 munster
1075 1444 1112 1499 m
1131 1446 1202 1512 119.)

340 1624 369 1689 3.
393 1620 665 1688 Wenceslaus
688 1670 857 1687 ......
888 1620 1039 1686 Boemiae
1059 1639 1124 1687 rex.

339 1728 459 1793 Notum
479 1725 613 1792 facimus
635 1775 643 1790 .
668 1775 676 1792 .
700 1776 707 1790 .
732 1776 740 1791 .
764 1725 930 1805 uniuersis,
957 1725 1041 1808 quod
1064 1725 1106 1790 de
1125 1724 1279 1792 nobilium
1300 1726 1430 1794 Henrici

237 1834 342 1918 Scopk
357 1833 397 1898 de
412 1831 515 1911 Duba,
539 1829 759 1895 serenissimae
774 1830 911 1895 Nostrae
932 1830 1085 1895 consortis
1101 1831 1207 1895 curiae
1222 1832 1375 1915 magistri,
1398 1838 1431 1897 et

238 1937 408 2023 ibymcnis
421 1936 461 2002 de
473 1935 610 2017 Collina,
624 1934 875 2001 consiliariorum
885 1923 1081 2014 unitarum
1097 1936 1216 2000 multae
1226 1934 1310 2016 fidei,
1321 1937 1430 2019 legali·

236 2044 312 2109 tatis
336 2046 369 2107 et
384 2040 680 2123 circumspectionis
692 2039 849 2105 industria
870 2040 996 2122 plenam
1011 2044 1043 2104 et
1056 2040 1267 2106 indubitatam
1276 2038 1430 2108 —fiduciam

238 2148 424 2226 obtinentes,
455 2145 534 2227 ipsis
564 2149 597 2209 et
626 2162 734 2210 eorum
765 2144 989 2210 utrilibet...
1018 2146 1107 2227 regia
1137 2137 1326 2211 auctoritate
1348 2148 1429 2212 Boe·

236 2253 349 2319 miae.
375 2301 381 2316 .
406 2299 414 2315 .
438 2299 445 2315 .
477 2249 782 2315 administrationem
815 2249 905 2331 regni
933 2248 1042 2313 Nostri
1073 2247 1225 2313 Boemiae
1256 2250 1289 2316 in
1321 2251 1430 2317 Nostri

236 2356 380 2423 absentia
403 2354 616 2421 commisimus
648 2360 681 2419 et
712 2354 935 2420 committimus
964 2372 1022 2435 per
1042 2357 1235 2435 praesentes,
1266 2355 1377 2421 dantes
1399 2360 1431 2422 et

237 2460 444 2526 concedentes
474 2458 553 2541 ipsis
584 2463 616 2523 et
647 2477 754 2524 eorum
789 2458 926 2540 cuilibet,
961 2458 1009 2542 (1)
1039 2457 1196 2523 universis
1231 2463 1264 2522 et
1296 2460 1429 2541 singulis

236 2564 435 2631 monasteriis
459 2568 491 2628 et
513 2562 695 2629 civitatibus
717 2564 806 2645 regni
821 2563 930 2628 Nostri
944 2562 1094 2628 Boemiae
1115 2565 1249 2644 steuras,
1272 2565 1429 2645 collectas,

237 2670 484 2737 contributiones
514 2674 547 2734 et
574 2669 687 2733 bernes
719 2687 776 2751 pro
798 2667 924 2732 Nostris
954 2670 987 2732 et
1015 2666 1157 2750 ejusdem
1181 2668 1271 2751 regni
1292 2671 1430 2735 necessi·

237 2777 356 2841 tatibus
379 2774 571 2858 imponendi,
594 2774 762 2855 indicendi,
785 2773 826 2838 ab
849 2773 969 2838 eisdem
989 2771 1173 2855 recipiendi,
1196 2775 1376 2856 postulandi
1399 2780 1431 2842 et

237 2880 393 2963 exigendi,
425 2898 546 2945 necnon
568 2878 616 2962 (2)
638 2879 671 2944 in
694 2884 726 2944 et
749 2896 845 2961 super
865 2878 1104 2962 quibuscunque
1126 2877 1241 2959 causis,
1266 2880 1376 2947 litibus
1399 2885 1431 2947 et

237 2984 460 3051 conburersiis
481 2983 564 3047 inter
576 2982 662 3048 cives
684 2987 717 3049 et
738 2984 858 3048 incolas
874 2981 1044 3048 earumdem
1058 2982 1245 3049 Nostrarum
1267 2984 1431 3051 civitatum

236 3089 330 3155 motis
353 3107 410 3154 seu
432 3086 596 3152 mouendis
619 3088 793 3167 ordinandi,
817 3087 1013 3170 disponendi,
1044 3088 1263 3169 sententiandi,
1291 3089 1429 3155 dictandi

238 3197 270 3259 et
291 3192 458 3258 decidendi
480 3191 606 3273 plenam
629 3191 760 3256 liberam
783 3195 816 3255 et
838 3190 1048 3257 omnimodam
1069 3197 1266 3275 potestatem.

341 3296 497 3376 Quocirca
528 3294 684 3361 universis
718 3300 750 3359 et
784 3296 918 3379 singidis
953 3295 1133 3378 baronibus,
1174 3298 1341 3378 nobilibus
1376 3318 1430 3381 po-

236 3400 484 3486 prauczonibus,
513 3399 711 3482 justiciariis,
745 3400 1020 3481 urnednilronibus,
1053 3402 1216 3482 militibus,
1251 3404 1428 3484 clientibus,

236 3505 414 3587 burgraviis
436 3520 557 3569 necnon
578 3504 736 3587 religiosis
758 3506 926 3573 abbatibus
948 3510 981 3570 et
1002 3507 1206 3572 conventibus
1236 3508 1431 3590 singulorum

236 3610 499 3675 monasteriorum
514 3609 646 3691 deuotis
666 3610 837 3694 judicibus,
861 3609 1051 3690 consulibus,
1075 3612 1360 3693 communitatibus,
1383 3615 1430 3679 in-

238 3714 315 3779 colis
338 3719 371 3778 et
392 3713 657 3780 inhabitatoribus
680 3715 842 3797 signanter
855 3711 996 3797 Majcris,
1019 3714 1152 3781 Minoris
1175 3720 1207 3782 et
1221 3716 1331 3783 Novae
1346 3717 1431 3783 Civi-

236 3818 312 3884 tatis
342 3818 472 3901 Pragen.
504 3836 542 3883 ac
571 3819 667 3884 etiam
696 3818 852 3883 Montium
879 3818 1006 3885 Ghuttn.
1038 3824 1296 3903 caeterarumque
1325 3824 1430 3904 singu-

236 3922 339 3988 larum
374 3920 563 3987 Nostrarum
607 3925 640 3988 et
682 3923 771 4003 regni
807 3922 957 3988 Boemiae
1001 3924 1165 3989 civitatum
1205 3928 1429 3993 committimus

236 4026 485 4109 praesentibus.
510 4074 517 4090 .
542 4074 550 4090 .
575 4076 583 4105 ,
620 4029 774 4107 quatenus
804 4026 976 4107 praedictis
998 4027 1135 4095 Henrico
1163 4034 1195 4094 et
1216 4030 1370 4114 Thymoni
1397 4031 1430 4095 in

237 4128 509 4196 administratione
529 4128 619 4209 regni
633 4127 742 4194 Nostri
757 4177 764 4195 .
782 4178 789 4194 .
807 4177 815 4195 .
838 4147 877 4193 ac
892 4130 988 4196 etiam
1008 4132 1218 4215 impositione,
1240 4136 1429 4217 receptione,

237 4233 449 4316 postulatione
471 4235 504 4297 et
526 4233 689 4299 exactione
712 4237 903 4315 steurarum,
927 4236 1138 4319 codectarum,
1166 4239 1431 4305 contributionum

238 4343 270 4402 et
290 4339 466 4419 bernerum,
498 4338 573 4402 dum
605 4343 636 4402 et
666 4338 789 4421 quoties
820 4338 854 4404 id
883 4340 1009 4405 nomine
1030 4340 1139 4407 Nostri
1161 4341 1297 4408 faciendi
1321 4344 1428 4407 decre-
