3225 5017
1212 1196 1455 1286 caput
1495 1197 1851 1284 primum.

461 1443 631 1538 Res
695 1443 805 1537 ad
866 1442 1126 1563 regni
1188 1439 2030 1555 administrationem
2091 1445 2616 1563 spectantes,

1488 1718 1563 1788 A.

623 1842 1196 1909 Locumtenentiwm
1237 1852 1297 1906 et
1338 1841 1818 1928 capitaneorum
1857 1841 2048 1927 requi
2087 1840 2423 1921 institutio,

543 2033 645 2103 (cf.
678 2033 986 2089 s10vanske
1020 2036 1191 2104 pravo
1227 2050 1261 2089 v
1287 2015 1535 2088 &achach
1570 2049 1606 2087 a
1641 2048 1715 2087 na
1747 2032 1989 2088 Morave.
2025 2032 2120 2087 111.
2157 2033 2204 2102 ยง-
2243 2037 2336 2087 15:
2382 2032 2559 2089 Prava
2593 2033 2719 2088 kra-

328 2120 580 2191 lovska).[โต

540 2209 825 2279 Capitanei
860 2208 1068 2264 saeculi
1100 2207 1331 2263 XIVmi:
1382 2213 1727 2264 1316-1317
1762 2208 1959 2264 Petrus
2007 2206 2453 2281 archiepiscopus
2487 2210 2717 2280 Mogun-

328 2296 497 2351 tinus.
550 2301 683 2351 1320
717 2296 878 2351 Dom.
912 2295 1184 2350 Hem-icus
1224 2293 1292 2350 de
1326 2295 1487 2363 Lipa.
1538 2301 1671 2351 1322
1707 2295 1997 2352 Boleslaus
2035 2294 2148 2350 dux
2183 2296 2429 2367 Silesiae,
2464 2296 2716 2354 dominus

328 2385 691 2455 Lignicensis,
725 2385 879 2454 regni
901 2384 1159 2440 Boemiae
1194 2384 1535 2454 capitaneus,
1575 2390 1706 2439 1331
1734 2383 1950 2459 Ulricus
1975 2382 2154 2439 dictus
2177 2384 2334 2440 Pluh.
2373 2391 2714 2440 1334-1342

332 2474 561 2528 Carolus
596 2472 741 2542 regis
776 2471 1010 2528 Joannis
1047 2470 1214 2527 filius.
1271 2472 1342 2526 D.
1377 2472 1575 2527 Petrus
1611 2470 1681 2526 de
1716 2471 2036 2541 Rosmberg.
2097 2476 2230 2527 1368
2267 2473 2714 2544 archiepiscopus

327 2559 620 2629 Pragensis
659 2565 760 2615 etc.

540 2686 597 2753 1.
646 2683 694 2749 C
712 2684 887 2751 arol
904 2703 947 2751 u
964 2703 996 2749 s
1041 2687 1161 2751 etc.
1205 2682 1696 2751 Venerabilibus
1729 2719 1812 2731 -
1845 2682 2228 2751 consiliariis
2273 2683 2546 2766 gratiam
2592 2689 2710 2750 etc.

533 2788 633 2855 Ne
675 2794 941 2872 propter
982 2789 1195 2855 varias
1240 2793 1306 2854 et
1349 2788 1717 2855 innumeras
1776 2787 2170 2872 reipublicae
2215 2808 2420 2871 curas,
2479 2786 2712 2871 quibus

326 2912 442 2977 per
485 2894 699 2977 ampla
740 2893 963 2959 mundi
992 2893 1202 2976 spatia
1230 2912 1409 2958 mens
1439 2892 1680 2959 Nostra
1709 2892 2105 2973 distrahitur,
2152 2890 2433 2958 debitam
2459 2893 2711 2959 heredi-

327 2999 489 3063 tario
550 3017 745 3079 regno
804 2998 1042 3065 Nostro
1098 2998 1401 3062 Boemiae
1461 3002 1527 3062 et
1584 2997 1725 3079 ejus
1785 2992 2255 3063 habitatoribus
2315 2996 2711 3079 vigilantiam

326 3102 649 3185 negligere
706 3103 1056 3182 videamur,
1124 3101 1208 3167 ad
1272 3102 1712 3184 supportanda
1775 3099 2108 3168 nobiscum
2173 3101 2357 3184 regni
2423 3102 2710 3185 eJusdem

326 3226 524 3273 onera
597 3211 665 3273 et
736 3207 943 3289 gentis
1008 3204 1283 3273 Nostrae
1338 3208 1643 3272 Boemiae
1708 3207 2125 3275 necessitates
2207 3224 2482 3288 congrue
2549 3208 2711 3273 rele-

324 3314 585 3393 vandae,
653 3312 825 3378 vices
888 3311 1099 3394 regias
1157 3310 1431 3377 libenter
1494 3312 1649 3378 viris
1707 3310 1859 3377 fidei
1925 3311 2284 3378 constantia
2342 3317 2408 3404 et
2462 3330 2709 3377 morum

322 3417 659 3483 honestate
704 3416 1065 3499 conspicuis
1110 3416 1349 3483 Nostra
1396 3416 1563 3484 solet
1607 3415 1966 3484 sublimitas
2011 3416 2326 3499 delegare.
2416 3416 2582 3483 Sane
2629 3418 2708 3483 de

322 3523 585 3589 immota
610 3524 861 3586 vestrae
907 3520 1264 3586 devotionis
1309 3523 1672 3588 constantia
1710 3527 1776 3588 et
1802 3520 2077 3605 probata
2121 3522 2707 3606 circumspectionis

323 3625 640 3691 industria
668 3624 923 3707 plenam
955 3627 1022 3689 et
1047 3624 1472 3691 indubitatam
1502 3625 1864 3691 obtinentes
1892 3624 2212 3707 fiduciam,
2250 3644 2363 3692 vos
2395 3630 2459 3692 et
2488 3646 2706 3707 quem-

320 3730 481 3797 libet
507 3733 793 3795 vestrum
816 3727 884 3794 in
915 3727 1190 3794 solidum
1217 3748 1335 3812 per
1359 3730 1765 3811 praedictum
1794 3747 2059 3813 regnum
2080 3729 2388 3797 Nostrum
2405 3731 2707 3798 Boemiae

318 3835 591 3901 Nostros
635 3832 1204 3915 administratores,
1264 3839 1714 3918 procuratores
1775 3840 1840 3902 et
1897 3835 2138 3917 negotii
2181 3840 2470 3917 gestores
2513 3854 2704 3917 gene-

318 3941 486 4007 rales
544 3942 613 4005 et
671 3937 982 4021 speciales
1038 3936 1326 4021 facimus,
1387 3940 1833 4007 constituimus
1895 3944 1960 4005 et
2019 3939 2467 4021 praesentibus
2534 3942 2704 4008 ordi-

316 4063 568 4127 namus,
633 4043 858 4109 dantes
916 4042 1097 4109 vobis
1162 4049 1227 4109 et
1294 4044 1557 4111 cuilibet
1623 4048 1905 4110 vestrum
1972 4045 2040 4109 in
2110 4043 2384 4111 solidum
2449 4046 2700 4129 plenam

316 4149 586 4216 liberam
630 4152 697 4214 et
742 4146 1169 4214 omnimodam
1212 4153 1434 4214 tenore
1479 4148 1913 4231 praesentium
1955 4152 2360 4232 potestatem,
2406 4151 2523 4235 (1.)
2551 4151 2699 4218 bur-

319 4254 593 4339 gravios,
619 4252 890 4336 judices,
924 4252 1217 4319 consules
1246 4258 1313 4319 et
1340 4251 1648 4320 officiales
1671 4252 1945 4319 Nostros
1972 4259 2342 4337 castrorum,
2377 4254 2704 4324 civitatum

317 4365 382 4426 et
442 4357 739 4424 villarum
801 4377 920 4441 per
982 4356 1311 4425 Boemiam
1375 4360 1458 4426 ad
1519 4363 1799 4426 vestram
1869 4361 2299 4441 praesentiam
2364 4364 2688 4450 evocandi,

420 4468 569 4510 Codex
590 4468 631 4519 J.
659 4468 711 4510 B.
738 4468 791 4509 11.
818 4472 858 4510 8.
2394 4468 2420 4516 1
