3225 5017
8 325 26 362 μζ
96 339 99 347 ,
133 254 138 258 ⁴
166 276 170 281 ’
242 266 282 343 14ι
440 284 506 353 Cap,
523 282 545 338 1.
562 284 618 341 Itos
636 285 671 358 ad
688 286 766 355 regni
783 284 1046 341 administrationem
1066 291 1231 355 spectantes.

241 481 270 546 S.
294 481 366 547 Joh.
397 480 538 563 proxime
559 484 724 547 venturam
754 482 856 546 modis
886 482 1030 547 omnibus
1051 481 1281 559 transmittatis,
1312 479 1353 545 ad
1375 500 1430 559 au-

240 586 388 651 diendam
412 584 619 650 intentionem
647 586 777 665 regiam,
806 586 896 650 vobis
919 604 977 668 per
997 586 1152 651 illustrem
1180 586 1354 669 principem
1376 586 1431 650 do-

239 690 359 755 minum
373 688 427 768 M.‚
450 689 563 754 ducem
584 689 630 768 P.‚
654 690 804 756 silvarum
825 692 978 772 regalium
1000 690 1216 756 forestrarium
1239 695 1271 756 et
1292 710 1349 773 per
1364 691 1431 758 Nos

239 793 380 875 plenarie
402 792 636 875 exponendam
658 813 732 858 narn
753 795 928 861 addictam
950 795 1034 863 diem
1056 814 1163 861 omnes
1178 796 1309 861 abbates
1324 814 1429 862 mona-

239 898 407 964 steriorum
429 902 462 963 et
482 915 592 963 omnes
613 900 775 981 purgrarii
797 904 972 966 castrorum
993 902 1187 980 convenient
1210 900 1325 983 quibus
1344 899 1429 965 sirni-

238 1003 312 1067 liter
325 1004 510 1087 scripsimus
524 1022 582 1085 pro
597 1004 717 1070 codem.
739 1003 869 1070 Nullam
889 1005 922 1069 in
945 1024 982 1070 eo
1004 1005 1227 1087 negligentiam
1242 1006 1300 1071 snb
1314 1004 1430 1086 regalis

239 1108 368 1172 obtentu
390 1108 512 1188 gratiae
533 1108 746 1187 commissrni;
769 1109 858 1188 alias,
882 1110 910 1174 si
938 1112 971 1175 in
994 1110 1056 1175 hiis
1077 1110 1294 1176 inobedientes
1317 1109 1430 1174 extite·

238 1211 318 1291 ritis,
339 1212 442 1293 ipsam
454 1212 699 1278 inobedientiam
713 1217 851 1279 vestram
865 1232 1079 1296 premeremus
1093 1215 1241 1282 remediis
1257 1214 1427 1297 oportunis.

343 1350 382 1414 (E
398 1349 458 1405 cod.
481 1349 587 1405 notan.
606 1351 632 1405 0.
652 1356 669 1403 6
675 1370 681 1404 ;
700 1352 827 1420 Poloaloy',
845 1354 1041 1407 Bbrmclbr'iolter
1059 1354 1096 1405 II.
1115 1354 1150 1405 13
1162 1355 1186 1419 ).

815 1579 853 1643 D.

629 1697 830 1765 Venellorum
852 1700 1037 1763 conuocatio,

343 1841 371 1904 1.
395 1837 661 1904 Wencoslaus
689 1839 751 1904 Dei
773 1840 876 1921 gratia
896 1838 1108 1905 Romanorum
1138 1857 1195 1903 rex
1216 1856 1341 1921 semper
1362 1838 1427 1904 Au·
1459 1827 1463 1833 ’

237 1946 349 2025 gustus
371 1948 404 2009 et
425 1941 574 2009 Boemiac
595 1962 659 2007 rex.

341 2044 495 2113 Omnibus
518 2051 551 2112 ct
572 2047 705 2129 singulis
727 2049 886 2131 magistris
910 2049 1037 2127 civium,
1059 2048 1239 2114 consulibus
1262 2053 1294 2112 et
1310 2048 1426 2131 juratis

236 2153 374 2217 omnium
396 2152 561 2218 civitatum
589 2172 646 2235 per
674 2156 776 2218 terras
805 2158 929 2218 nostras
952 2153 1101 2217 Boemiac
1132 2152 1319 2232 constitutis,
1350 2150 1425 2217 fide-

235 2256 319 2322 libus
340 2256 457 2322 nostris
478 2257 612 2336 dilectis,
635 2258 768 2339 gratiam
789 2258 909 2339 regiam
931 2263 964 2323 et
986 2276 1077 2322 omne
1098 2258 1223 2323 bonum.

338 2359 465 2426 Fideles
488 2361 611 2426 dilecti!
656 2360 818 2427 Fidelitati
840 2365 965 2426 vestrae
988 2361 1131 2426 districtc
1161 2360 1371 2443 praecipimus
1395 2365 1426 2425 et
1510 2374 1512 2381 ·

235 2464 430 2545 mandamus,
461 2468 616 2547 quatenus
639 2465 771 2547 singulis
799 2465 912 2531 diebus
933 2464 1111 2530 forensibus
1132 2483 1209 2529 voce
1238 2466 1425 2547 praeconica

235 2568 421 2651 proclamari
441 2570 568 2651 publice
588 2568 723 2650 faciatis,
752 2574 788 2633 ut
816 2570 956 2635 universi
986 2573 1019 2635 et
1047 2569 1162 2651 singuli
1184 2568 1296 2633 vasalli
1318 2568 1425 2634 homa-

235 2674 334 2754 giales
357 2677 390 2737 et
403 2671 502 2740 Nobis
518 2692 614 2757 super
628 2675 731 2756 gratia
753 2676 936 2753 saeuientes,
959 2674 1014 2756 qui
1028 2678 1135 2738 tamen
1149 2672 1244 2737 leuda
1266 2672 1306 2737 ad
1322 2677 1426 2739 castra

236 2778 427 2859 pertinentia
455 2796 517 2842 non
545 2778 718 2860 possident,
749 2796 845 2860 super
873 2778 925 2842 dic
950 2776 979 2842 S.
1004 2776 1088 2842 Galli
1113 2780 1245 2843 uenturo
1274 2778 1424 2859 proxime,

235 2882 293 2947 sub
323 2882 452 2947 obtentu
481 2881 588 2962 regiae
617 2883 738 2962 gratiae
771 2887 804 2947 et
833 2882 998 2947 feudorum
1029 2880 1166 2961 suorum,
1201 2899 1306 2946 coram
1334 2882 1425 2947 nobis

234 2983 364 3065 Pragae,
387 2985 416 3049 si
437 2984 555 3050 ibidem
575 2984 737 3067 fuerimus,
760 3005 817 3051 seu
832 2986 931 3053 Nobis
954 2987 1136 3053 absentibus
1159 3004 1264 3051 eoram
1285 2984 1305 3048 J
1308 2986 1425 3050 eskone

236 3087 352 3170 Ozuch,
374 3088 559 3154 marescallo
573 3088 698 3170 Nostro,
722 3108 793 3154 esse
806 3089 942 3156 debcant
963 3090 1065 3155 modis
1088 3090 1231 3155 omnibus
1254 3090 1424 3169 constituti,

234 3192 368 3259 aNobis
390 3211 446 3257 seu
468 3192 555 3259 dicto
576 3194 760 3259 marescallo
774 3193 891 3258 Nostro
912 3196 1117 3259 intentionem
1138 3196 1258 3275 regiam
1275 3195 1422 3260 audituri.

336 3298 454 3362 Datum
476 3296 624 3377 Mendici,
653 3298 705 3363 die
726 3297 802 3362 XIX
825 3296 1026 3380 Septembris,
1048 3317 1216 3380 regnorum
1237 3298 1424 3364 Nostrorum

234 3420 314 3467 anno
354 3401 504 3467 Boemiac
543 3401 670 3484 XXXP,
710 3403 922 3469 Romanorum
962 3422 1037 3468 vcro
1078 3402 1207 3469 XVIIl0.
1248 3404 1422 3486 (21393,

236 3506 285 3570 19.
309 3504 410 3589 Sept.)
464 3587 466 3590 Ι

338 3645 377 3711 (Ε
391 3643 452 3699 Ocd.
473 3642 557 3710 Capit.
575 3645 655 3713 Prap.
673 3644 696 3695 I.
713 3648 761 3698 40:
780 3645 905 3713 Palacky',
924 3643 955 3699 F
952 3646 1124 3698 martanam
1141 3644 1177 3697 [Ι.
1195 3645 1266 3713 141).

807 3870 845 3938 Ε.

491 3992 545 4056 Ae
566 4004 745 4058 concentum
767 3992 995 4059 districtuotenc
1018 3995 1161 4061 evocatio.

339 4133 367 4196 1.
383 4130 537 4213 Magistro
553 4131 678 4212 civium,
698 4132 798 4214 judici
814 4136 847 4197 et
856 4133 971 4215 juratis
992 4134 1112 4199 civibus
1135 4135 1167 4199 in
1181 4132 1289 4214 lusto,
1312 4134 1423 4200 amicis

235 4256 301 4301 suns
323 4253 503 4300 canssrmrs

337 4339 440 4405 Amici
469 4340 638 4406 carissimi!
684 4339 785 4422 Super
813 4340 1002 4423 quibusdam
1031 4341 1139 4407 arduis
1169 4346 1202 4405 et
1230 4342 1421 4408 notabilibus
