3225 5017
250 325 283 371 36
449 319 514 388 Cap.
533 320 553 373 I.
572 320 626 373 Res
646 319 680 372 ad
698 320 775 389 regui
793 318 1056 375 administrationem
1073 327 1237 391 spectantes.

248 513 386 597 ditionis,
420 513 584 597 dignitatis
613 514 665 581 uel
693 497 960 597 praeeminentite
982 515 1130 596 extiterit,
1157 516 1281 581 nemine
1310 517 1436 599 penitus

245 624 388 703 excepto,
411 624 556 703 apertum
578 636 634 683 seu
657 617 867 700 manifestum,
894 636 966 684 esse
987 620 1102 685 debeat
1122 620 1223 689 libere
1244 621 1296 686 vel
1317 626 1434 704 patere.

349 742 393 809 Et
428 754 619 825 quamquam
652 740 759 823 ipsum
797 745 935 805 castrum
971 746 1124 824 perpetuo
1162 743 1203 808 ad
1239 744 1436 826 praedictum

244 866 376 930 regnum
398 845 570 912 Bohemiae
592 845 750 927 pertinere
773 842 896 926 debeat,
922 845 1125 913 nihilominus
1143 847 1209 931 juri
1230 847 1434 929 Bohemicah,

244 952 393 1019 videlicet
411 950 638 1035 „Popravczie“
664 968 722 1015 seu
740 948 878 1032 „Zuds“,
901 969 972 1014 curn
995 950 1079 1015 dicto
1095 955 1198 1016 castro
1221 952 1352 1019 subesse
1373 972 1435 1018 non

245 1059 396 1125 debemus
426 1075 484 1121 nec
514 1054 695 1138 aliqualiter
716 1053 890 1137 subjacere,
921 1055 978 1119 sed
999 1054 1050 1119 his
1068 1055 1194 1137 juribus
1220 1058 1359 1139 gaudere
1381 1077 1435 1124 vo-

243 1164 357 1245 lumus,
380 1161 495 1246 quibus
517 1161 580 1227 aha
603 1164 707 1225 castra
727 1158 869 1225 feudaha
889 1159 1031 1243 gaudent
1051 1164 1084 1225 et
1104 1161 1260 1244 fruuntur,
1290 1182 1373 1245 quae
1394 1164 1434 1229 ab

242 1268 313 1351 ipso
336 1267 462 1332 domino
491 1283 566 1348 rege
595 1265 628 1330 in
649 1262 779 1330 feudum
806 1263 986 1347 dependent
1015 1270 1047 1331 et
1076 1269 1159 1349 quae'
1186 1285 1245 1350 per
1265 1285 1358 1333 veros
1379 1287 1434 1333 ua·

244 1372 348 1452 salios,
372 1376 450 1455 puta
471 1375 575 1436 terrae
596 1374 724 1435 nostrae
747 1368 922 1451 Glaoensis,
945 1370 1149 1454 possidentur
1170 1375 1203 1437 et
1223 1376 1391 1438 tenentur·

271 1492 274 1496 ·
346 1476 465 1540 Datum
485 1473 616 1556 Pragae.

345 1616 407 1669 List
423 1612 601 1667 Fridrichuov
619 1627 636 1666 a
653 1612 753 1667 Ottuov
771 1612 858 1666 hratii
874 1630 889 1665 z
906 1611 1019 1665 Donino
1035 1613 1187 1682 vyzndvajl‚
1203 1615 1235 1668 te
1251 1614 1321 1669 hrad
1338 1616 1434 1670 Donin

242 1703 278 1759 od
295 1702 373 1757 hrale
391 1702 472 1770 Jana',
489 1700 608 1755 hesheho
627 1698 704 1753 hrtle
722 1714 739 1753 a
756 1698 836 1754 hrabi
849 1698 1101 1767 Lucemhurskeho‚
1118 1698 1200 1769 piijal
1214 1700 1272 1768 jest
1289 1720 1305 1755 v
1323 1706 1433 1758 uastare

241 1790 339 1858 vjiste
357 1783 461 1843 summe
478 1786 533 1857 pod
545 1788 688 1854 mansula,
706 1786 788 1841 velue
806 1786 912 1840 krtlom
924 1785 1045 1856 beshym
1063 1788 1122 1841 sam
1140 1786 1175 1841 od
1194 1788 1258 1841 sebe
1275 1788 1284 1841 i
1302 1788 1337 1843 od
1349 1791 1433 1859 svych

241 1874 534 1945 dedicuov‚.buddclch
551 1873 700 1928 drtiteluor
717 1874 798 1927 tehot
816 1874 923 1929 zdmka.
942 1873 1034 1942 (Aroh
1052 1874 1166 1943 Karlst.)

347 1998 430 2067 (Orip.
450 2017 470 2052 c.
489 2016 512 2051 r.
529 1998 600 2050 orob.
620 1998 673 2050 aul.
697 1997 803 2051 Wudob.
821 1998 889 2051 Emi.
907 1998 954 2051 IV.
974 2000 1061 2066 1001.)

348 2169 397 2241 11'.
421 2170 505 2238 Hr'rs
529 2171 613 2257 (auf
633 2172 704 2237 der
726 2172 848 2254 Gens)
871 2177 1059 2237 castrum.
1085 2173 1178 2238 1341.
1201 2172 1268 2238 Nos
1289 2173 1432 2255 tenetis,

147 2373 149 2379 ‚
240 2280 438 2359 Laurentius,
461 2276 646 2344 Herbordus
662 2280 695 2341 et
708 2276 806 2342 Pesco
821 2276 935 2342 fratres
951 2277 991 2342 de
1005 2275 1026 2341 J
1028 2278 1163 2343 enewicz
1176 2278 1432 2359 recognoscimus

240 2394 295 2454 ..ῑ.
320 2385 405 2469 quod
427 2403 528 2450 cum.
554 2432 561 2448 .
585 2430 593 2447 .
616 2379 755 2447 loannes
777 2400 834 2446 rex
853 2432 859 2446 .
878 2432 909 2447 ..
933 2382 1014 2447 hano
1036 2382 1126 2447 nobis
1149 2382 1275 2447 duxerit
1296 2382 1430 2464 gratiam

237 2491 423 2570 faciendam,
439 2487 588 2554 videlicet
599 2490 635 2550 ut
644 2504 703 2551 nos
712 2489 861 2565 montem,
877 2486 1051 2567 vulgariter
1068 2486 1121 2567 „uf
1133 2485 1191 2551 der
1204 2487 1308 2552 Gans“
1327 2486 1428 2571 (358),

238 2598 335 2661 situm
358 2594 391 2658 in
413 2612 528 2675 magna
548 2592 639 2672 silva,
665 2591 875 2673 pertinentem
897 2592 938 2656 ad
962 2595 1100 2656 castrum
1120 2590 1428 2671 Winterberch,

238 2696 415 2779 aedificare,
447 2700 629 2761 construere
652 2699 684 2759 et
704 2695 783 2760 inibi
805 2693 951 2760 aedificia
980 2713 1037 2760 sou
1067 2700 1206 2761 castrum
1228 2697 1350 2779 erigere
1372 2714 1429 2761 seu

237 2806 414 2869 instaurare
446 2801 546 2867 libere
580 2805 612 2866 et
643 2800 730 2864 licite
764 2800 927 2865 valeamus
964 2804 996 2865 et
1032 2800 1190 2883 possimus
1223 2820 1262 2866 ac
1294 2800 1429 2865 eundem

236 2912 374 2973 montem
395 2926 458 2971 una
481 2924 553 2969 cum
567 2902 720 2970 aedificiis
743 2922 800 2969 seu
823 2908 925 2969 castro
945 2903 1082 2986 desuper
1097 2904 1316 2971 construendis
1337 2904 1429 2970 nobis

236 3015 269 3075 et
290 3010 461 3076 heredibus
482 3009 600 3073 nostris
628 3009 661 3073 in
682 3008 813 3073 feudum
834 3008 1061 3074 hereditarium
1091 3012 1123 3073 et
1144 3013 1333 3091 perpetuum
1355 3028 1428 3073 con·

237 3114 378 3193 cesserit,
413 3111 537 3176 dederit
566 3114 600 3175 et
628 3110 805 3190 contulerit,
839 3130 897 3177 nos
926 3131 1001 3177 vero
1035 3112 1154 3178 dictum
1188 3118 1327 3178 montem
1356 3132 1428 3179 cum

236 3214 389 3283 aedificiis
405 3220 437 3281 et
452 3219 554 3281 castro
569 3214 688 3281 ibidem
704 3213 923 3279 construendis
939 3217 972 3278 et
988 3215 1201 3281 instaurandis
1224 3236 1244 3281 a
1265 3218 1426 3299 praedicto

235 3321 360 3387 domino
382 3324 499 3401 nostro,
529 3337 604 3401 rege
625 3318 806 3398 Bohemiae,
837 3316 1006 3383 heredibus
1029 3322 1062 3381 et
1083 3320 1319 3386 successoribus
1349 3321 1425 3401 suis,

233 3426 362 3507 regibus
390 3422 571 3505 Bohemiae,
601 3424 778 3506 recepimus
808 3425 842 3485 et
869 3422 1039 3503 recipimus
1075 3424 1108 3489 in
1142 3422 1273 3489 feudum
1301 3425 1425 3490 heredi·

233 3530 349 3595 tarium
379 3528 439 3612 pro
467 3529 558 3594 nobis
592 3532 624 3593 et
656 3527 827 3593 heredibus
856 3526 982 3607 uostris,
1011 3527 1085 3609 jure
1119 3531 1152 3592 et
1182 3529 1276 3593 titulo
1306 3528 1425 3595 feudali

232 3634 348 3715 taliter,
371 3632 455 3715 quod
477 3650 535 3699 nos
558 3636 591 3697 et
611 3633 711 3698 nostri
733 3631 868 3697 heredes
891 3631 931 3695 de
946 3631 1016 3713 ipso
1031 3634 1137 3696 monte
1159 3652 1222 3697 una
1244 3651 1316 3697 cum
1338 3634 1426 3698 aedi·

231 3736 317 3803 ficiis.
346 3738 425 3820 ipsis
461 3737 581 3804 servire
613 3737 792 3803 tenebimur
830 3739 937 3800 contra
974 3754 1098 3801 omnem
1129 3734 1298 3817 hominem,
1338 3739 1424 3804 nullo

231 3842 359 3926 ponitus
382 3842 518 3923 excluso,
550 3846 583 3907 et
605 3841 689 3924 quod
712 3840 832 3906 dictum
855 3844 994 3912 castrum
1015 3843 1161 3922 apertum
1182 3858 1253 3905 esse
1283 3845 1316 3905 et
1345 3844 1423 3925 ipsis

232 3949 341 4030 patere
365 3946 492 4012 debebit
513 3946 666 4013 adversus
689 3944 847 4027 quoslibet
868 3962 977 4008 eorum
999 3943 1116 4023 hostes,
1147 3945 1287 4009 aemulos
1310 3950 1344 4010 et
1364 3947 1424 4011 ini-

230 4052 338 4131 micos,
369 4051 488 4133 absque
510 4054 616 4116 tamen
638 4052 746 4115 nostro
776 4047 991 4113 etheredum
1019 4051 1198 4113 nostrorum
1227 4050 1423 4133 praejudicio

231 4159 326 4239 atque
348 4154 471 4220 damno.

241 4308 242 4313 η
310 4260 452 4329 ,Datum
465 4258 603 4341 sPragae.

334 4398 412 4465 (thl.
432 4396 493 4465 Rep.
513 4394 559 4448 IV.
582 4400 656 4448 1000.
675 4422 705 4433 -
727 4392 804 4445 Arclc
826 4392 1096 4460 Korlat.:·⁷ddanetvt)
