3225 5017
545 1244 666 1332 Caput
686 1243 906 1316 secundum.

306 1492 308 1495 ’
384 1489 525 1618 Regni
555 1490 602 1594 iu
636 1489 866 1593 districtus
897 1486 1068 1586 divisio.

702 1778 739 1844 A.

406 1901 592 1966 Provinciae
614 1901 678 1965 sico
699 1891 861 1966 districtas
883 1897 1041 1967 Boemt'oe.

239 2092 310 2161 (66.
346 2094 543 2149 snovensne
565 2092 738 2162 pravom.
758 2098 781 2147 1.
800 2092 823 2161 s.
842 2098 866 2146 2.
884 2089 1033 2146 nordeum
1049 2090 1125 2145 rems
1142 2109 1159 2146 v
1179 2072 1322 2157 censen.)

240 2182 404 2253 Praeprimis
432 2188 625 2238 enumerantur
646 2180 741 2236 ordine
765 2180 936 2252 alphabetico
965 2180 1129 2251 provinciae,
1154 2179 1183 2233 in
1210 2194 1325 2248 quarum

135 2271 241 2326 ambitu
263 2274 508 2326 commemorantur
529 2270 590 2325 loca
613 2270 656 2325 vel
673 2269 760 2325 villae.
795 2270 950 2339 Sequuntur
976 2268 1103 2326 nominee
1126 2266 1326 2338 provinciarum
1438 2335 1439 2338 Ἴ

134 2358 227 2427 quoad
245 2358 507 2417 administrationem
524 2359 626 2415 bornae
643 2358 743 2428 regiae,
767 2356 858 2428 quoad
876 2355 1138 2413 administrationem
1152 2353 1282 2424 justiciae
1299 2357 1327 2407 et

134 2445 228 2517 quoad
241 2447 307 2518 jura
325 2447 427 2504 curiam
444 2447 547 2519 regiam
565 2448 764 2503 concernentia.

242 2607 269 2673 1.
294 2607 581 2676 Bechinensis.

242 2712 333 2779 1268.
380 2714 559 2798 Episcopus
582 2716 665 2799 Prag
666 2767 800 2782 .....
833 2717 916 2782 bona
946 2717 1100 2786 ecclesiae
1121 2715 1212 2799 Prag.
1236 2715 1328 2781 here-

135 2817 262 2897 ditaria,
289 2836 371 2899 quae
392 2817 561 2885 habuimus
591 2821 623 2885 in
645 2819 782 2885 Wesohe
812 2820 914 2903 (305),
945 2819 1077 2902 Tuklek,
1100 2820 1202 2904 Hosty
1223 2818 1327 2905 (305),

134 2922 340 2988 Dubrauiche
363 2923 463 3009 (305),
493 2923 690 2989 Netehouice
712 2924 815 3009 (305),
844 2924 1114 3011 Ν66161ι6(276),
1143 2925 1330 2992 Hodoniohe

135 3026 239 3111 (276),
270 3026 417 3095 Wranow
446 3026 551 3113 (276))
581 3030 621 3097 in
653 3028 873 3112 provincia
901 3029 1156 3098 Bechinensi
1178 3082 1186 3099 .
1211 3082 1218 3097 .
1242 3080 1250 3096 .
1274 3028 1327 3117 (cf.

244 3238 335 3305 1283.
381 3238 487 3323 Episc.
511 3237 602 3322 Prag.
626 3242 691 3306 tres
713 3241 806 3306 villas
830 3242 1032 3325 episcopatus
1055 3242 1134 3308 sitas
1155 3243 1189 3310 in
1210 3242 1330 3309 villica-

135 3345 225 3411 tione
246 3343 404 3427 Thineusi‚
438 3344 716 3411 Bechinensis
748 3348 1006 3431 provinciae,
1041 3348 1125 3416 circa
1156 3347 1328 3431 Pribenycz

137 3448 240 3533 (275),
263 3469 396 3533 quarum
419 3450 501 3516 duae
515 3454 668 3517 vocantur
689 3470 751 3518 uno
773 3452 900 3519 nomine
914 3453 1057 3539 Rcepecz
1076 3452 1168 3538 (276)
1183 3456 1216 3519 et
1236 3454 1332 3521 tentia

137 3555 282 3621 Bethcici
304 3555 404 3640 (275).

244 3661 336 3727 1295.
359 3662 427 3727 Rex
442 3700 485 3709 —
500 3664 533 3729 in
553 3662 1195 3747 provinciaBechinensimoutem
1210 3664 1329 3730 dictum

279 3742 294 3754 a

137 3764 260 3832 Bechin
281 3765 382 3849 (275),
412 3766 490 3832 item
511 3767 603 3833 villas
633 3767 735 3833 dictas
757 3765 919 3834 Hodonicz
950 3766 1052 3853 (276),
1081 3768 1201 3833 Nuzicz
1230 3769 1330 3852 (276),

137 3871 357 3937 Netechouicz
374 3870 476 3957 (305),
498 3870 612 3937 Wesce
628 3871 719 3959 (305)
742 3876 775 3937 et
788 3872 941 3940 Dubraua
956 3873 1066 3957 (305);
1088 3874 1166 3938 item
1187 3874 1221 3938 in
1242 3874 1331 3938 Reka

136 3979 313 4063 piscatores
342 3974 531 4042 influmine
562 3976 646 4043 dicto
669 3977 841 4058 Luznicze3
876 3979 909 4043 in
930 3978 1054 4043 Tuklek
1081 3997 1176 4043 unam
1204 3981 1331 4057 terram,

137 4083 172 4149 iu
194 4082 340 4148 Wranow
363 4082 454 4167 (276)
477 4082 556 4149 duas
581 4083 694 4163 curias,
718 4083 922 4149 medietatem
944 4083 1040 4148 villae
1058 4082 1163 4148 dictae
1177 4082 1331 4165 Huozday

138 4188 230 4273 (275)
256 4192 288 4253 et
309 4188 512 4254 medietatem
533 4187 629 4253 villae
652 4186 757 4253 dictae
779 4186 882 4272 Hosty
905 4186 1006 4272 (305).

245 4292 337 4358 1323.
372 4292 511 4360 ioannes
533 4310 588 4356 rex
611 4342 617 4357 .
643 4342 681 4358 ..
714 4296 882 4375 postquam
904 4290 1024 4356 Bechin
1047 4291 1089 4356 ad
1110 4294 1252 4356 nostrum
1275 4291 1332 4355 do-

135 4399 272 4464 minium
293 4398 431 4479 deuenit,
458 4398 634 4465 invenimus
657 4398 739 4463 bona
760 4397 847 4464 Petri
870 4396 910 4463 de
931 4395 1135 4477 Roamberch‚
1159 4395 1221 4484 vids
1244 4395 1332 4481 1166ΙἿ
