3225 5017
464 394 468 404 1
569 337 671 386 212
1296 327 1426 398 Cap.
1460 327 1608 382 VIII.
1656 326 1767 380 Res
1805 323 2227 380 ecclesiasticae.

777 525 959 591 1347.
1009 525 1109 589 21.
1157 522 1551 590 Novembris.
1600 520 1872 587 Karolus
1923 517 2045 586 Dei
2097 516 2303 602 gratia
2343 519 2766 585 Romanorum
2808 517 2953 584 Rex

567 649 816 714 semper
860 634 1168 712 augustus
1219 634 1284 696 et
1328 627 1630 696 Boemiae
1671 627 1824 693 Rex.
1888 624 1991 692 Ad
2035 627 2407 709 perpetuam
2442 625 2536 690 rei
2565 625 2956 691 memoriam.

772 786 908 850 Rex
950 783 1342 867 magnificus,
1389 785 1498 868 qui
1542 784 1700 852 facit
1743 783 2061 851 mirabilia
2103 801 2332 866 magna
2376 833 2391 850 .
2441 832 2456 849 .
2506 832 2521 848 .
2569 832 2586 850 .

780 943 1039 1008 Dudum
1084 939 1396 1025 siquidem
1441 941 1879 1010 sanctissimus
1922 941 2114 1007 Pater
2158 940 2447 1008 dominus
2510 945 2727 1007 noster
2783 961 2959 1024 papa

567 1050 859 1117 Clemens
901 1047 1007 1114 VI.
1054 1047 1399 1114 venerabili
1441 1047 1714 1113 Arnesto
1759 1046 2236 1139 archiepiscopo
2295 1045 2617 1128 Pragensi,
2672 1047 2949 1129 principi

476 1146 479 1155 ’
569 1158 634 1220 et
679 1153 1037 1219 consiliario
1083 1152 1316 1218 Nostro
1363 1153 1710 1232 carissimo,
1772 1152 1856 1217 ad
1906 1148 2124 1215 Nostri
2182 1150 2548 1218 instantiam
2607 1155 2672 1216 et
2725 1170 2957 1234 reque-

566 1262 732 1325 stam
777 1257 1168 1323 committere
1211 1257 1429 1337 voluit,
1474 1261 1548 1321 ut
1575 1257 1716 1340 ipse
1745 1255 1811 1321 in
1841 1253 2077 1321 Nostra
2107 1254 2364 1322 civitate
2392 1256 2698 1338 Pragensi
2726 1273 2948 1322 mona-

560 1349 823 1429 sterium
844 1363 1257 1428 conuentuale
1280 1365 1346 1428 et
1374 1360 1712 1428 claustrale
1742 1360 1978 1427 ordinis
2011 1361 2214 1426 sancti
2244 1360 2573 1427 Benedicti
2596 1361 2936 1447 instituere

566 1472 632 1533 et
674 1468 1015 1532 autoritate
1059 1470 1277 1548 posset
1320 1465 1670 1549 apostolica
1712 1465 2022 1545 ordinare,
2085 1464 2392 1531 institutis
2437 1465 2675 1532 ibidem
2719 1465 2955 1533 abbate

566 1575 631 1636 et
672 1571 992 1652 fratribus,
1039 1571 1149 1654 qui
1194 1570 1463 1635 Domino
1505 1568 1887 1636 famulantes
1931 1570 2146 1636 divina
2190 1568 2403 1636 officia
2442 1571 2512 1636 in
2553 1569 2769 1652 lingua
2821 1571 2953 1636 sla-

565 1676 791 1742 vonica
835 1675 1160 1756 duntaxat,
1207 1675 1286 1742 ob
1330 1676 1752 1743 reverentiam
1796 1678 1861 1740 et
1903 1674 2269 1741 memoriam
2313 1674 2753 1757 gloriosissimi
2799 1693 2952 1740 con-

562 1780 822 1846 fessoris
864 1778 1037 1846 beati
1081 1779 1415 1863 leronymi,
1462 1777 1932 1862 Strydoniensis
1977 1779 2253 1844 doctoris
2300 1779 2540 1862 egregii
2587 1783 2652 1845 et
2679 1780 2951 1845 transla-

566 1885 743 1965 toris,
790 1883 1281 1966 interpretisque
1326 1883 1540 1948 eximii
1571 1900 1789 1947 sacrae
1821 1881 2171 1963 scripturae
2201 1883 2283 1948 de
2313 1876 2564 1949 ebraica
2593 1883 2658 1948 in
2687 1884 2953 1950 latinam

568 1993 633 2054 et
676 1987 1058 2054 slavonicam
1100 1986 1371 2068 linguaS,
1434 1986 1516 2052 de
1575 2005 1701 2068 qua
1762 1986 2076 2068 siquidem
2135 1987 2457 2054 slavonica
2505 1985 2722 2054 Nostri
2771 1990 2955 2070 regni

567 2091 867 2157 Boemiae
924 2090 1161 2156 idioma
1228 2091 1498 2174 sumpsit
1556 2091 1884 2156 exordium
1963 2091 2455 2174 primordialiter
2513 2097 2579 2159 et
2621 2094 2953 2177 processit,

496 2228 500 2233 ·
568 2196 841 2263 debeant
880 2194 1113 2262 futuris
1156 2196 1549 2278 temporibus
1603 2196 1945 2263 celebrare.

773 2404 902 2470 Ad·
949 2405 1119 2490 quod
1176 2406 1493 2490 siquidem
1550 2405 2009 2473 Monasterium
2068 2407 2557 2474 construendum
2615 2410 2681 2475 et
2729 2405 2954 2474 aedifi-

570 2509 888 2576 ficandum
952 2511 1377 2592 parochialem
1437 2511 1772 2578 ecclesiam
1829 2518 2188 2579 sanctorum
2233 2511 2501 2579 Cosmae
2553 2517 2618 2578 et
2659 2513 2955 2579 Damiani

565 2616 631 2680 in
677 2615 997 2681 suburbiis
1061 2615 1334 2681 Nostrae
1380 2613 1658 2681 civitatis
1719 2617 2056 2699 Pragensis
2114 2617 2481 2700 praedictae
2541 2618 2607 2683 in
2649 2616 2951 2698 Podskal,

563 2721 731 2786 inter
808 2719 1303 2803 Wyssegradum
1362 2723 1428 2784 et
1484 2719 1717 2789 Sderaz
1779 2722 2096 2803 situatam,
2165 2721 2347 2788 cuius
2403 2722 2504 2787 ius
2574 2724 2945 2804 patronatus

567 2826 650 2891 ad
694 2825 1026 2891 ecclesiam
1089 2824 1696 2909 Wyssegradensem
1759 2829 1908 2890 tunc
1965 2827 2268 2909 temporis
2336 2826 2718 2911 pertinebat,
2782 2825 2952 2893 facta

565 2949 680 3014 per
749 2929 881 2994 Nos
955 2929 1163 2994 dictae
1238 2929 1547 2995 ecclesiae
1610 2929 2132 3013 Wyssegradensi
2202 2950 2318 3015 pro
2376 2932 2516 2996 iure
2571 2934 2943 3013 patronatus

568 3037 776 3101 dictae
819 3032 1199 3117 parochialis
1246 3035 1555 3101 ecclesiae
1597 3033 1999 3100 restitutione
2044 3039 2110 3101 et
2152 3035 2584 3102 satisfactione
2615 3035 2944 3119 condigna,

570 3141 862 3205 duximus
907 3138 1341 3221 ordinandum,
1388 3159 1578 3223 quam
1622 3137 1973 3222 praefatam
2017 3139 2444 3222 parochialem
2491 3139 2825 3207 ecclesiam
2884 3142 2952 3207 in

571 3245 811 3310 dictum
853 3245 1305 3310 monasterium
1352 3244 1691 3310 claustrale
1737 3247 1802 3310 et
1846 3245 2259 3312 conventuale
2311 3246 2394 3312 ad
2454 3246 2754 3312 honorem
2812 3247 2954 3327 Dei,

569 3349 1103 3432 beatissimaeque
1140 3349 1383 3416 Mariae
1412 3349 1694 3432 Virginis
1735 3348 1956 3416 matris
2004 3350 2162 3430 eius,
2209 3368 2283 3416 ac
2328 3350 2741 3433 gloriosorum
2782 3351 2954 3417 Iero-

570 3456 740 3540 nymi
771 3453 1060 3537 praefati,
1111 3452 1474 3537 Ciryllique,
1523 3452 1858 3535 Methudii,
1904 3453 2238 3523 Adalberti
2265 3460 2333 3521 et
2373 3454 2686 3539 Procopii,
2741 3459 2953 3539 patro-

571 3580 795 3628 norum
854 3558 1008 3623 dicti
1068 3559 1246 3640 regni
1306 3557 1626 3640 Boemiae,
1695 3561 2042 3643 martyrum
2102 3563 2166 3624 et
2210 3558 2636 3626 confessorum
2700 3561 2956 3627 titulum

492 3714 495 3717 -
570 3672 635 3732 et
690 3666 1010 3743 honorem,
1071 3663 1425 3744 praefatum
1482 3662 2030 3746 archiepiscopum
2097 3665 2476 3748 requirimus
2523 3669 2590 3730 et
2631 3665 2955 3732 hortamur

568 3773 826 3849 attente,
878 3769 1057 3833 iuxta
1101 3767 1602 3831 commissionem
1648 3788 1686 3834 a
1731 3769 1884 3835 sede
1928 3770 2278 3851 apostolica
2332 3769 2453 3836 sibi
2498 3769 2749 3852 factam,
2797 3771 2955 3853 erigi

575 3880 641 3942 et
685 3875 878 3942 etiam
924 3872 1212 3952 exaltari,
1256 3870 1415 3938 inibi
1459 3872 1691 3939 abbate
1747 3877 1813 3938 et
1853 3872 2154 3940 fratribus
2199 3874 2575 3941 auctoritate
2632 3875 2959 3958 praedicta

568 3977 896 4058 institutis,
944 3977 1054 4062 qui
1100 3977 1215 4042 sub
1258 3975 1479 4058 regula
1525 3979 1591 4042 et
1633 3979 1909 4060 regulari
1953 3978 2176 4047 habitu
2220 3979 2471 4057 ordinis
2505 3980 2708 4047 sancti
2749 3979 2948 4046 Bene-

571 4085 745 4165 dicti,
818 4082 918 4146 cui
978 4081 1288 4146 dictorum
1346 4084 1710 4148 sanctorum
1770 4084 2161 4151 conversatio
2220 4083 2494 4167 gloriosa
2559 4084 2694 4151 suis
2735 4084 2958 4151 tribuit

573 4186 982 4272 temporibus,
1029 4204 1187 4269 quos
1232 4185 1440 4251 adhuc
1484 4206 1600 4270 per
1643 4187 1766 4253 Dei
1809 4189 2080 4271 gratiam
2122 4189 2371 4272 retinet,
2418 4189 2696 4273 speciem
2740 4193 2805 4256 et
2845 4189 2954 4256 de-

575 4311 801 4373 corem,
846 4291 914 4356 in
956 4290 1173 4372 lingua
1218 4290 1538 4358 slavonica
1582 4292 1907 4374 duntaxat,
1962 4291 2192 4359 futuris
2239 4298 2306 4360 et
2347 4295 2672 4378 perpetuis
2716 4298 2956 4378 tempo-

570 4397 745 4463 ribus
791 4394 870 4462 ob
912 4394 1282 4465 memoriam
1327 4399 1392 4463 et
1434 4396 1854 4464 reverentiam
1896 4396 2166 4480 praefati
2209 4397 2561 4466 beatissimi
2612 4397 2941 4483 Ieronymi,

2807 4927 2857 4953 22⁴·

2750 4973 2760 4977 -
2796 4951 2930 4987 iffi..-
2939 4982 2979 4987 -
2993 4981 3162 4988 ——-
