3225 5017
293 325 343 373 280
725 321 790 390 Cap.
809 321 855 374 IX.
873 286 1053 375 Universitas.

291 517 383 580 nocte
405 514 488 579 ultra
510 511 673 594 fertonem,
696 513 830 597 quilibet
850 515 1011 580 tenebitur
1033 513 1241 578 Universitati
1269 518 1405 597 quatuor
1417 535 1482 598 ga,

292 617 318 681 si
341 635 416 706 vero
438 617 479 684 ad
501 636 689 700 senagenam
711 618 805 684 ludus
829 637 864 683 se
878 619 1064 699 extenderit,
1087 619 1221 700 quilibet
1240 618 1329 684 dabit
1343 620 1483 685 medium

289 719 458 801 florenum;
496 722 523 788 61
561 722 602 787 ad
638 741 732 788 unam
771 742 842 790 cum
879 722 993 804 media,
1032 723 1165 807 quilibet
1194 722 1283 788 dabit
1317 722 1484 788 duodecim

290 844 433 908 grossm3
467 827 494 892 si
529 827 570 892 ad
599 828 678 894 duas
713 846 896 910 sexagenas,
926 847 1024 893 unum
1045 826 1207 910 florenum,
1239 831 1273 892 et
1302 827 1348 892 sic
1375 847 1485 894 conae·

291 935 432 1013 quanter.
467 931 510 997 Et
530 931 605 997 talis
627 949 730 1015 poena
752 932 885 998 debetur
907 931 1123 998 Universitati.
1163 933 1256 998 Ultra
1278 931 1338 996 hoc
1359 933 1485 998 lucrans

290 1035 386 1102 debet
406 1041 507 1103 totum
529 1037 651 1102 lucrum
673 1041 876 1122 praesentare
898 1037 1022 1118 rectori,
1046 1037 1131 1120 quod
1146 1037 1241 1104 debet
1257 1057 1316 1121 per
1328 1041 1485 1104 rectorem

290 1143 482 1224 pauperibus
506 1142 700 1210 scholaribus
724 1143 764 1213 de
786 1143 1002 1210 Universitate
1028 1143 1199 1226 dispartiri.
1223 1143 1257 1208 Si
1272 1148 1380 1210 autem
1400 1143 1485 1208 ultra

291 1246 470 1327 praedictas
494 1265 611 1330 poenas
635 1252 667 1313 et
687 1248 1003 1329 monitaexcesserit,
1030 1267 1088 1331 per
1110 1266 1268 1315 carcerem
1292 1253 1485 1315 coerceatur.

291 1349 412 1429 Quodsi
440 1371 498 1418 nec
529 1353 576 1420 sic
599 1354 799 1436 cessaverit,
818 1355 857 1420 ab
890 1353 1115 1420 Universitatis
1145 1355 1264 1436 grando
1292 1352 1487 1419 excludatur.

393 1455 483 1537 Item,
508 1457 592 1540 quod
613 1459 718 1524 nullus
752 1463 899 1525 exerceat
932 1462 1033 1524 artem
1065 1458 1245 1539 dimicandi,
1279 1477 1337 1523 nec
1371 1456 1489 1546 aliquis

292 1558 418 1625 scholas
441 1561 657 1629 dimicatorias
678 1567 862 1646 praesumat
887 1563 1025 1629 visitare.

396 1699 446 1764 24.
492 1700 548 1766 De
577 1701 727 1785 poenis
758 1703 1033 1770 forisantium
1066 1707 1107 1768 et
1142 1703 1490 1769 coassistentium

291 1802 428 1869 libero
450 1803 550 1869 foro.
581 1805 618 1870 ln
641 1825 830 1890 quacunque
851 1807 948 1874 bursa
970 1807 1182 1874 celebrabitur
1203 1808 1338 1874 liberum
1365 1807 1489 1885 forum;

293 1907 370 1972 socii
392 1908 433 1974 de
454 1909 510 1975 illa
531 1911 628 1976 bursa
650 1911 763 1978 saltem
786 1912 1017 1978 consentientes
1040 1913 1163 1979 solvent
1188 1913 1397 1979 Universitati
1433 1909 1491 1975 flo-

184 2046 188 2064 1
292 2029 411 2093 renum,
435 2017 468 2077 et
486 2015 625 2097 quilibet
646 2019 825 2096 extraneus,
853 2017 908 2099 qui
930 2016 1116 2098 visitaverit,
1145 2016 1249 2082 solvet
1277 2015 1489 2083 Universitati

291 2116 324 2181 in
346 2135 479 2200 poenam
500 2117 603 2202 [unam
631 2121 769 2202 bursam,
800 2121 834 2186 id
864 2126 922 2203 est,
957 2126 1109 2205 quantum
1139 2122 1377 2206 septimanatim
1398 2120 1492 2204 ponit

172 2227 173 2230 ’
291 2220 324 2286 in
345 2223 441 2289 bursa
462 2225 513 2290 vel
536 2226 638 2292 solvit*
652 2244 710 2309 pro
739 2214 895 2309 expensis.

396 2345 447 2412 25.
470 2346 529 2412 De
551 2349 702 2431 poenis
718 2349 1191 2432 exigentiumbeanium.
1216 2349 1403 2430 Quicunque
1418 2365 1493 2413 exe-

293 2449 375 2532 gerit
394 2450 543 2516 beanium
565 2453 604 2518 ab
628 2453 744 2536 aliquo,
767 2455 870 2519 solvet
892 2453 1102 2520 Universitati
1131 2455 1165 2520 in
1186 2472 1322 2538 poenam
1353 2457 1493 2536 quatuor

292 2552 484 2651 grossoa'et
505 2557 605 2637 ultra;
628 2557 781 2641 quidquid
804 2559 973 2625 extorserit
997 2559 1037 2626 ab
1066 2576 1114 2640 eo,
1137 2558 1286 2624 restituet
1306 2558 1363 2638 illi,
1385 2577 1405 2622 a
1429 2574 1492 2640 quo

295 2661 436 2724 extorsit.

397 2779 446 2846 26.
471 2781 763 2850 Deextraneis
786 2784 978 2851 adactus
1008 2785 1298 2851 scholasticos
1327 2802 1405 2850 non
1429 2782 1493 2848 ad-

293 2885 522 2952 mittendis.
568 2887 682 2954 Nullus
714 2893 861 2956 exerceat
890 2890 1027 2972 aliquem
1057 2897 1164 2976 actum
1197 2889 1422 2955 scholasticum
1459 2889 1492 2952 in

294 2989 410 3056 scholis
437 2989 673 3073 Universitatis,
705 2995 920 3077 cujuscunque
950 2994 1110 3060 facultatis
1141 2995 1267 3075 existat,
1296 2994 1359 3059 nisi
1388 2992 1494 3058 subsit

295 3092 505 3162 Univarsitati
534 3099 567 3162 et
588 3096 713 3178 rectori,
730 3101 777 3164 et
808 3099 847 3164 ab
877 3098 1095 3165 Universitate
1124 3099 1318 3183 approbatus
1340 3103 1494 3180 tanquam

294 3199 335 3264 ad
363 3200 460 3265 talern
489 3203 594 3266 actum
624 3199 783 3268 sufficiens
814 3205 1032 3286 exercendum,
1062 3205 1114 3270 161
1144 3203 1253 3270 habita
1291 3201 1422 3267 licentia
1443 3219 1494 3265 re

294 3304 390 3369 cteris
412 3310 445 3371 61
466 3307 642 3387 regentium
665 3307 698 3372 in
719 3308 777 3372 tali
800 3307 960 3390 facultate,
983 3310 1017 3373 in
1033 3329 1096 3393 qua
1111 3308 1241 3375 libuerit
1257 3306 1363 3372 facere
1385 3310 1494 3370 actum

294 3408 473 3490 specialem.
517 3409 607 3491 Item,
639 3411 724 3495 quod
753 3412 860 3478 nullus
888 3414 975 3496 legat
1003 3415 1156 3480 lectiones
1183 3411 1336 3495 privatas,
1366 3410 1429 3476 nisi
1454 3409 1494 3473 de

293 3512 424 3594 speciali
445 3512 574 3579 licentia
595 3517 728 3581 rectoris
751 3519 784 3582 et
804 3517 976 3598 facultatis,
1000 3519 1034 3582 in
1056 3538 1120 3601 qua
1141 3517 1238 3584 vellet
1261 3516 1377 3599 legere.

397 3653 449 3718 27.
476 3654 532 3720 De
556 3656 814 3723 conductura
834 3659 1054 3724 bursarum
1077 3677 1150 3723 seu
1180 3657 1491 3724 commodorum.

289 3753 377 3835 Item,
401 3758 486 3837 quod
507 3758 636 3824 inantea
657 3761 764 3824 nullus
786 3763 1018 3843 magistrorum,
1043 3762 1208 3829 doctorum
1225 3764 1278 3830 161
1302 3760 1494 3827 scholarium

293 3864 349 3924 aut
383 3880 640 3946 quorumcunque
673 3865 816 3945 aliorum,
849 3867 1023 3932 volentium
1051 3867 1191 3950 gaudere
1230 3866 1406 3951 privilegiis
1439 3869 1496 3930 611

294 3963 494 4032 libertatibus
525 3967 760 4050 Universitatis,
791 3970 893 4052 possit
924 3990 981 4036 seu
1016 3971 1131 4038 debeat
1156 3973 1334 4038 conducere
1356 3971 1494 4047 domum,

294 4069 423 4136 bursam
446 4075 503 4136 aut
526 4072 732 4153 commodum,
757 4073 827 4138 sine
846 4092 1001 4140 consensu
1016 4077 1175 4158 magistri,
1199 4076 1337 4142 doctoris
1353 4081 1425 4156 etc,
1440 4074 1495 4157 qui

294 4173 334 4239 de
357 4176 518 4258 praesenti
541 4178 645 4250 medio
669 4197 750 4246 anno
773 4177 964 4246 inhabitavit
996 4184 1054 4246 aut
1075 4181 1335 4248 inhabitaverunt
1365 4181 1493 4246 easdem

295 4281 345 4344 161
369 4281 489 4364 eadem,
512 4288 586 4348 ante
608 4283 725 4352 festum
749 4278 779 4348 S.
803 4283 930 4367 Aegidii
953 4304 1010 4368 pro
1038 4286 1143 4353 medio
1174 4305 1256 4352 anno
1285 4287 1401 4352 hiemis
1422 4303 1493 4367 pro-

294 4385 377 4450 xime
402 4385 517 4469 futuro,
541 4407 599 4454 nec
623 4396 696 4456 ante
719 4387 837 4455 festum
858 4389 888 4456 S.
906 4390 1053 4472 Gregorii
1067 4411 1125 4474 pro
1141 4393 1246 4457 medio
1262 4410 1343 4456 anno
1361 4387 1492 4456 aestatis
