3225 5017
389 311 453 382 Gap.
472 311 504 365 V.
522 307 737 366 Metallifodiuae
755 317 782 365 st
801 283 903 392 urbura
919 313 1002 381 regia.
1242 319 1291 368 159

97 505 274 574 decadem
304 506 432 572 civitate
461 507 633 573 locavimus
663 509 810 574 urboram
840 506 1088 575 aurifodinamm
1114 527 1172 591 per
1193 504 1295 574 totum

96 630 231 693 regnum
245 609 406 693 Nostrum,
429 611 606 678 habendam
629 613 668 679 ab
690 613 770 695 ipsis
793 613 852 678 sub
875 613 1017 696 ejusdem
1033 613 1159 697 juribus
1174 617 1207 678 et
1222 632 1294 679 con·

98 717 282 798 ditionibus,
311 717 378 782 sub¹
391 716 505 800 quibus
529 736 599 782 eam
622 718 774 784 hactenus
804 717 991 798 habuerunt,
1015 723 1048 782 et
1069 717 1293 800 possidendam

98 822 224 886 afesto
246 822 275 888 b.
299 821 386 886 Petri
408 822 509 904 primo
532 825 664 887 venturo
687 841 788 906 usque
810 840 867 904 per
889 822 1023 887 duorum
1048 840 1200 888 annorum
1223 841 1295 904 spa-

99 926 181 992 tium
194 925 381 1006 revolutum,
393 944 450 1009 pro
463 926 572 1020 decem
582 927 698 992 marcis
710 927 778 993 auri
791 927 851 1010 (sic
859 926 882 1008 t)
893 928 933 994 ab
947 927 1067 992 eisdem
1074 927 1108 991 L.
1123 932 1156 993 et
1165 926 1203 991 N.
1213 927 1295 991 infra

102 1033 239 1116 scriptos
263 1032 413 1098 terminos
437 1033 645 1114 exsolvendis,
669 1033 731 1098 vid.
756 1033 840 1116 quod
861 1032 895 1097 in
916 1031 998 1097 festo
1013 1032 1041 1096 b.
1058 1030 1171 1097 Jacobi
1194 1032 1294 1115 primo

99 1137 208 1205 futuro
223 1136 257 1202 L.
275 1140 308 1202 et
322 1135 360 1202 N.
378 1137 500 1203 solvent
517 1137 617 1203 Nobis
633 1138 742 1202 decem
761 1155 883 1202 marcas
905 1137 991 1216 auri;
1014 1135 1143 1202 infesto
1159 1154 1183 1200 s.
1200 1135 1295 1201 Wen-

102 1241 201 1320 ceslai
224 1242 304 1306 duas
340 1261 379 1307 m.
405 1242 492 1322 auri;
524 1242 660 1308 infesto
689 1243 718 1308 b.
740 1242 831 1309 ¹Galli
857 1242 938 1307 duas
967 1261 1006 1306 m.
1031 1241 1117 1320 auri;
1151 1241 1184 1305 in
1213 1240 1295 1305 festo

100 1351 210 1413 autem
224 1346 329 1411 Nativ.
346 1345 531 1412 Dominicae
552 1347 753 1429 postmodum
777 1345 966 1412 succedente
989 1345 1068 1410 duas
1087 1363 1211 1412 mareas
1226 1346 1296 1411 auri

100 1452 223 1518 dabunt
254 1467 311 1532 pro
340 1450 535 1516 exsolutione
564 1450 658 1532 primi
687 1451 769 1516 anni.
807 1450 845 1515 In
875 1449 1013 1516 secundo
1044 1469 1119 1516 vero
1149 1469 1231 1516 anno
1260 1451 1294 1514 in

101 1556 224 1622 eisdem
253 1555 480 1622 festivitatibus
510 1559 605 1638 atque
633 1556 776 1622 terminis
798 1555 898 1622 Nobis
929 1555 1052 1620 solvent
1079 1574 1136 1638 per
1164 1555 1297 1619 totidem

101 1679 226 1726 marcas
249 1661 318 1725 ami
342 1660 424 1726 sicut
446 1661 592 1743 superius
623 1664 673 1725 est
700 1663 853 1740 notatum,
882 1659 929 1725 ita
951 1660 1036 1743 quod
1057 1678 1115 1741 per
1136 1659 1295 1741 praefatos

100 1765 253 1832 terminos
274 1763 357 1832 infra
377 1765 610 1847 praedictorum
634 1765 766 1830 duorum
788 1783 941 1831 annorum
964 1764 1102 1848 spatium
1120 1766 1188 1830 tota
1202 1782 1294 1846 prae-

101 1870 169 1936 fata
191 1888 313 1935 summa
334 1870 498 1952 pecuniae,
526 1888 567 1935 so.
593 1870 702 1935 decem
724 1873 850 1936 marcae
872 1869 951 1950 auri,
975 1869 1074 1933 Nobis
1097 1869 1295 1952 integraliter

103 1975 146 2040 sit
169 1974 280 2043 soluta.

210 2113 248 2180 (E
263 2113 348 2167 coelice
366 2113 462 2168 Zdealu
480 2114 513 2168 de
532 2114 648 2178 Trebece,
667 2113 803 2183 Scaraborp
826 2113 887 2168 Urlc.
905 2114 959 2180 22.)

209 2290 238 2358 b.
266 2290 357 2355 1308.
374 2289 544 2358 Heinricus
558 2309 614 2356 rex
629 2290 825 2374 episcopatui
840 2289 992 2372 Pragensi
1007 2290 1041 2355 in
1058 2308 1296 2375 recompensam

104 2399 137 2461 et
161 2393 408 2461 satisfactionem
431 2396 615 2461 damnorum
638 2396 758 2461 confert
769 2395 919 2477 ¹„plenam
934 2395 1089 2463 decimam
1107 2397 1295 2462 urburarum

104 2500 138 2565 in
154 2499 394 2582 argentifodinis
417 2505 449 2566 et
471 2498 656 2566 aurifodinis
678 2500 803 2565 Nostris
827 2504 859 2564 et
874 2499 1012 2564 omnium
1035 2505 1242 2582 proventuum
1264 2504 1297 2564 et

103 2605 264 2669 redituum
294 2605 335 2670 ad
356 2605 423 2670 Nos
444 2606 566 2671 ratione
587 2605 821 2688 praedictarum
850 2605 1037 2669 urburarum
1062 2599 1295 2687 pertinentium,

103 2709 225 2774 tamin
249 2707 373 2775 Guthna
403 2730 498 2794 quam
519 2710 599 2776 alias
622 2709 801 2792 ubicunque
832 2713 906 2773 sunt
933 2710 986 2774 vel
1007 2707 1124 2773 fuerint
1144 2708 1177 2773 in
1198 2727 1296 2790 regno

103 2813 221 2878 Nostro
244 2812 394 2880 Boemiae
416 2815 552 2880 urburae
575 2819 608 2880 et
629 2813 879 2895 argentifodinae
908 2831 966 2878 seu
987 2811 1183 2877 aurifodinae
1205 2832 1296 2896 prae·

104 2917 218 2980 dictae.
241 2915 395 2982 Volumus
419 2937 457 2982 ex
479 2936 570 2998 nunc,
593 2922 629 2982 ut
643 2918 738 2982 liceat
757 2918 905 3000 episcopo
921 2921 953 2981 et
968 2917 1202 2982 successoribus
1226 2919 1294 3002 ejus

104 3040 203 3087 unum
225 3021 276 3086 vel
298 3022 378 3086 duos
401 3026 456 3087 aut
477 3024 584 3104 plures
608 3023 761 3104 deputare
784 3025 816 3087 et
840 3040 967 3104 ponere,
991 3021 1045 3104 qui
1066 3022 1192 3086 nomine
1214 3023 1297 3105 epis-

105 3123 178 3206 copi
208 3125 362 3191 deoimam
393 3127 434 3191 de
463 3127 667 3209 proventibus
696 3128 884 3192 urburarum
914 3127 1062 3208 colligant
1092 3130 1124 3190 et
1148 3125 1297 3192 divisioni

105 3229 294 3312 portionum,
318 3250 401 3313 quae
414 3230 513 3297 Nobis
536 3251 574 3297 ex
595 3233 675 3314 ipsis
698 3232 825 3299 urburis
839 3232 1003 3311 debentur,
1026 3231 1094 3297 sive
1115 3230 1148 3296 in
1169 3231 1296 3296 metallo

107 3335 175 3400 sive
205 3335 238 3398 in
269 3353 345 3399 auro
368 3335 491 3402 sivein
513 3340 643 3418 argento
666 3337 716 3403 vel
746 3336 884 3401 denariis
915 3336 1074 3418 portiones
1104 3335 1194 3418 ipsae
1224 3354 1297 3400 oon-

106 3440 230 3520 sistaut,
259 3439 407 3504 intersint
428 3459 465 3504 ao
488 3441 685 3522 provideant,
717 3445 868 3523 quantum
897 3439 1006 3507 habita
1035 3439 1156 3504 ratione
1178 3439 1219 3504 ad
1241 3439 1296 3505 de-

106 3546 220 3609 cimam
242 3542 283 3608 de
305 3544 501 3625 portionibus
525 3544 604 3627 ipsis
628 3545 728 3624 cedat,
752 3549 788 3608 ut
809 3543 868 3608 hos
891 3544 999 3608 statim
1020 3561 1077 3626 pro
1100 3543 1129 3608 d.
1147 3544 1295 3626 episeopo

106 3648 270 3731 recipiant,
300 3647 385 3729 quod
407 3648 448 3713 ad
470 3649 626 3714 decimam
647 3648 826 3730 portionum
856 3648 996 3729 ipsarum
1019 3647 1107 3730 justa
1128 3646 1294 3712 111611116-

104 3753 192 3818 tione
214 3751 392 3816 deductum.

210 3890 292 3958 (0119.
311 3889 412 3942 archivi
430 3889 515 3956 Cupit.
533 3890 612 3960 Praq.
632 3890 730 3943 81611111.
754 3889 815 3943 Urlc.
833 3890 962 3945 461111.
981 3890 1016 3941 ll.
1035 3888 1123 3957 2164.)

625 4171 778 4180 -—.—.....
