3225 5017
296 329 347 379 298
624 390 627 404 Ι
729 324 795 392 cap.
812 323 858 376 IX.
877 321 1057 380 Universitas.
1109 339 1110 348 ¹

293 522 359 572 sunt
376 515 448 569 enim
465 513 500 568 de
517 513 629 573 natione
651 514 816 570 Boemorum
834 514 1023 570 tantummodo
1045 515 1140 570 Boemi
1164 521 1193 572 et
1215 515 1335 584 Morari;
1362 514 1491 584 magistri

291 603 439 672 conscripti
456 601 491 658 de
507 601 569 656 aliis
588 617 653 657 vero
671 601 828 658 nationibus
847 619 904 658 non
922 603 1032 658 suntin
1050 603 1178 657 universo
1196 617 1318 657 numero.

394 715 473 769 Alius
491 713 603 770 modus:
622 714 700 782 Quod
718 731 767 784 per
784 720 841 770 tres
860 713 1020 770 medietates
1039 731 1173 770 annorum
1192 721 1241 770 aut
1257 730 1306 786 per
1322 719 1379 768 tres
1398 729 1489 769 annos

292 819 322 858 se
339 802 487 858 immediate
510 809 709 871 consequentes
732 803 809 857 natio
833 803 996 856 Boemorum
1020 801 1049 856 in
1074 802 1188 871 siugulis
1213 800 1359 873 praedictis
1386 799 1492 854 habeat

290 877 387 959 regere
404 889 616 944 Universitatem
634 894 663 942 et
679 888 781 943 habeat
797 904 848 957 per
865 889 919 944 ista
938 894 1061 959 tempora
1079 905 1144 944 suos
1165 895 1286 945 rectores
1305 894 1333 942 et
1356 902 1422 942 suos
1442 886 1489 941 de-

291 993 376 1034 canos
393 977 513 1032 omnium
529 976 698 1044 facultatum,
716 976 786 1030 aliae
804 981 895 1030 autem
913 975 1039 1038 nationes
1057 992 1107 1046 per
1124 982 1251 1045 quartum
1269 963 1371 1033 annum
1389 980 1491 1044 regant

292 1065 374 1120 etiam
390 1064 603 1120 Universitatem
621 1070 648 1118 et
665 1062 786 1123 habeant
804 1062 893 1118 solum
912 1077 984 1118 anno
1006 1067 1104 1132 quarto
1123 1080 1202 1118 suum
1225 1069 1357 1119 rectorem
1381 1061 1490 1116 salvum

294 1159 322 1208 et
340 1150 467 1206 decanos.

395 1256 474 1309 Alius
493 1255 604 1310 modus:
623 1254 701 1323 Quod
720 1255 796 1310 natio
813 1255 977 1310 Boemorum
995 1253 1064 1324 duas
1082 1254 1184 1311 habeat
1202 1270 1282 1310 voces
1306 1257 1334 1308 et
1351 1251 1490 1308 dividatur

291 1344 320 1398 in
346 1343 416 1398 duas
442 1343 578 1410 nationes,
603 1349 671 1414 puta
693 1341 856 1396 Boemorum
886 1343 1075 1398 strationem
1098 1341 1280 1408 Morauorum,
1304 1346 1331 1395 et
1359 1341 1489 1395 nationes

293 1436 485 1485 extremorum
513 1431 594 1484 otiam
621 1427 690 1484 duas
716 1429 838 1484 habeant
860 1445 950 1497 voces,
974 1429 1015 1484 sic
1034 1436 1134 1496 tamen,
1160 1427 1233 1498 quod
1257 1428 1339 1482 etiam
1363 1427 1491 1482 extranei

292 1518 413 1572 habeant
440 1517 509 1573 duae
538 1517 726 1572 tantummodo
757 1531 846 1588 voces,
871 1523 901 1571 ut
930 1516 1069 1570 nationem
1097 1515 1262 1571 Polonoruur
1291 1522 1319 1569 et
1334 1514 1490 1568 nationem

293 1605 413 1660 omnium
430 1605 672 1673 Theotunioorum3
688 1610 715 1659 et
727 1605 751 1658 si
762 1604 791 1657 in
810 1604 902 1673 aliquo
920 1617 1000 1658 voces
1013 1603 1176 1660 Boemorum
1194 1618 1255 1656 cum
1267 1601 1379 1658 vocibus
1398 1607 1491 1656 extra

294 1709 408 1748 neorum
432 1709 488 1751 non
505 1698 620 1762 possent
643 1690 818 1759 concordare,
841 1691 915 1762 quod
937 1691 1018 1761 quasi
1034 1691 1136 1746 arbiter
1153 1696 1182 1745 et
1198 1688 1331 1744 mediator
1358 1719 1392 1728 —
1418 1689 1493 1744 Boe·

294 1795 399 1834 morum
423 1779 522 1848 aliquis
549 1778 678 1847 magister
694 1793 744 1848 per
762 1775 876 1834 eandem
895 1776 1033 1834 nationem
1052 1777 1191 1832 animatim
1209 1777 1333 1846 eligatur,
1352 1781 1399 1829 aut
1413 1773 1490 1846 quod

258 1893 261 1898 ·
295 1865 525 1936 archiepiscopus,
557 1864 735 1919 cancellarius
758 1864 950 1919 Universitatis
979 1871 1028 1918 aut
1052 1881 1119 1920 suus
1148 1864 1275 1933 vicarius,
1303 1879 1353 1932 pro
1383 1861 1490 1916 arbitro

269 1990 271 1999 ι
295 1954 451 2021 collocatur,
478 1953 525 2021 qui
542 1957 628 2023 ponat
650 1950 769 2006 medium
786 1953 858 2006 inter
875 1967 956 2007 voces
979 1952 1142 2006 Boemorum
1166 1957 1193 2005 et
1211 1951 1325 2004 aliorum
1344 1955 1490 2007 extraneo-

294 2057 372 2109 rum3
390 2055 473 2109 quam
492 2044 583 2092 autem
600 2039 660 2108 ipse
683 2053 776 2092 rocem
794 2037 901 2092 dederit
917 2044 965 2092 aut
982 2031 1081 2107 quibus
1102 2033 1213 2093 vocibus
1232 2053 1391 2094 assensuum
1408 2053 1492 2106 prae·

296 2127 393 2194 buerit,
411 2132 442 2180 ut
459 2125 521 2179 illas
538 2141 619 2180 voces
638 2124 694 2178 sint
710 2139 792 2180 voces
810 2123 1012 2180 Universitatis.

307 2261 310 2266 ·
398 2240 477 2294 Alius
495 2236 606 2293 modus:
624 2237 703 2306 Quod
720 2237 846 2292 nationes
865 2237 919 2292 alio
935 2236 1015 2292 modo
1034 2238 1198 2310 dividantur,
1218 2241 1256 2296 ita
1274 2239 1348 2312 quod
1359 2239 1492 2294 nationes

294 2335 351 2384 tres
378 2327 434 2382 sint
460 2325 494 2382 de
519 2342 612 2394 regno,
635 2331 703 2395 puta
729 2325 803 2394 quod
829 2323 917 2394 prima
940 2326 1015 2381 natio
1043 2327 1079 2381 sit
1095 2326 1251 2398 Pragensis,
1277 2327 1312 2383 de
1335 2342 1390 2397 qua
1421 2331 1492 2380 sunt

296 2430 391 2471 omnes
414 2429 432 2468 a
458 2413 549 2482 Praga
574 2428 671 2467 versus
694 2412 846 2466 Moraviam
870 2417 898 2468 et
921 2410 1077 2483 Austria'm;
1102 2402 1222 2470 secunda
1245 2415 1282 2471 sit
1303 2415 1492 2479 Moravornm,

296 2502 332 2555 ad
349 2515 431 2570 quam
444 2499 605 2568 'pertineant
622 2515 716 2554 omnes
734 2497 838 2554 Slesiae
855 2505 883 2553 at
900 2499 947 2553 alii
964 2515 1060 2561 versun
1077 2502 1209 2557 orientem
1227 2500 1263 2557 ad
1286 2516 1400 2570 regnum
1417 2499 1491 2556 Boe-

296 2590 366 2643 miae
380 2589 566 2659 pertinentes:
584 2588 666 2644 tertia
684 2587 720 2641 sit
730 2585 918 2658 Pylsanensis,
935 2586 970 2641 ad
988 2603 1070 2657 quam
1082 2589 1238 2658 pertineant
1252 2605 1346 2644 omnes
1359 2587 1490 2643 nationes

296 2692 392 2731 versus
403 2676 512 2745 plagam
525 2673 719 2733 occidentalem
731 2681 760 2728 et
770 2673 807 2727 ad
818 2689 931 2743 regnum
940 2673 1068 2728 Boemiae
1076 2675 1254 2744 pertinentes,
1273 2675 1343 2731 siout
1352 2673 1491 2745 quaedam

297 2762 412 2818 ducatus
444 2763 473 2816 in
502 2763 619 2816 Bavaria
647 2761 683 2815 ad
712 2777 825 2830 regnum
854 2761 982 2816 Boemiae
1014 2761 1198 2831 pertinentes,
1226 2769 1326 2833 quarta
1359 2777 1423 2818 vero
1452 2761 1492 2816 sit

297 2851 373 2905 natio
391 2851 511 2905 omnium
529 2854 720 2904 extraneorum
736 2847 771 2902 ad
788 2865 901 2919 regnum
924 2848 1053 2905 Boemiae
1071 2865 1127 2904 non
1145 2849 1353 2919 pertinentium
1370 2849 1490 2904 istarum

298 2946 389 2993 autem
412 2934 553 2991 nafionum
576 2936 714 3005 quaelibet
738 2936 813 2992 natio
839 2947 916 2991 suam
934 2936 1035 2992 habeat
1051 2951 1153 3005 rocem,
1177 2943 1204 2992 et
1226 2935 1295 2992 haec
1317 2936 1414 2992 divisio
1437 2953 1491 3006 per

297 3026 423 3080 nationes
441 3024 493 3079 erit
510 3023 656 3078 conformis
674 3023 844 3082 diversarum
862 3024 1004 3079 nationum
1020 3021 1107 3078 Studii
1123 3024 1279 3094 Pragensis.
1319 3025 1321 3030 ’

400 3121 486 3191 Alius*
502 3135 599 3191 modus
624 3137 672 3190 sit:
708 3136 873 3191 scrutinium
892 3125 1023 3190 demodo
1041 3133 1153 3204 regendi
1169 3135 1385 3192 Universitatum
1404 3137 1491 3191 studii

295 3224 469 3291 Parisiensis,
485 3221 677 3278 Bononiensis.
693 3220 770 3276 Tunc
782 3223 881 3278 axillis
894 3221 982 3278 modis
994 3223 1100 3276 illarum
1118 3221 1333 3280 Universitatum
1351 3223 1490 3293 eligantur

297 3311 370 3366 modi
388 3318 573 3381 competentes
599 3311 636 3366 ad
652 3309 800 3380 regendum
826 3310 950 3364 similiter
971 3316 1095 3365 nostram
1112 3308 1323 3366 Universitatem
1346 3326 1388 3379 eo,
1413 3311 1490 3380 quod

297 3404 393 3453 nostra
410 3398 580 3453 Universitas
598 3398 626 3453 in
645 3399 703 3454 suis
721 3398 878 3469 privilegiis,
888 3397 1059 3451 libertatibus
1078 3402 1106 3451 et
1123 3396 1183 3451 aliis
1202 3396 1430 3468 dispositionibus
1451 3399 1489 3453 sit

296 3485 412 3539 fundata
429 3483 553 3542 adinstar
570 3486 778 3540 universitatum
795 3483 1006 3555 praedictarum,
1024 3483 1172 3538 secundum
1190 3483 1264 3553 quod
1281 3483 1310 3538 iu
1327 3485 1407 3540 litera
1426 3484 1488 3539 fun-

297 3573 416 3628 dationis
439 3572 631 3627 Universitatis
654 3571 762 3626 divinae
782 3571 928 3626 memoriae
953 3570 1066 3640 (domini
1089 3571 1272 3646 imperatoris)
1293 3572 1400 3642 plenius
1423 3589 1488 3628 eon-

297 3660 408 3714 tinctor.

400 3774 479 3828 Alius
497 3771 609 3827 modus:
628 3773 708 3842 Quod
725 3774 749 3828 si
767 3772 858 3828 nullus
874 3772 1075 3842 praedictorum
1087 3771 1228 3829 modorum
1241 3773 1346 3828 nationi
1357 3773 1488 3829 Boemiae

297 3860 326 3914 in
343 3860 454 3915 vocibus
472 3859 641 3930 admittatur,
657 3877 693 3915 ns
710 3867 802 3914 tamen
820 3859 849 3913 in
867 3865 924 3914 toto
943 3859 1100 3916 mandatum
1119 3859 1221 3914 domini
1243 3861 1316 3933 regis
1338 3859 1488 3917 dusmetur

298 3953 326 4002 et
342 3947 447 4003 nationi
464 3949 627 4004 verecundia
643 3948 735 4018 aliqua
752 3947 893 4016 inseratur,
912 3949 1020 4009 scilicet¹
1033 3948 1107 4018 quod
1124 3964 1158 4002 ex
1178 3947 1231 4003 hac
1243 3947 1381 4002 mentione
1394 3949 1487 4018 aliqua

297 4035 487 4105 praerogativa
498 4036 604 4091 nationi
615 4035 743 4091 Boemiae
756 4037 928 4104 praebeatur,
947 4042 977 4089 ut
996 4037 1093 4090 saltem
1105 4041 1240 4090 rectorum
1252 4035 1446 4090 Universitatie
1460 4042 1488 4090 et

298 4122 456 4177 facultatum
468 4124 576 4194 artium,
588 4130 619 4178 ut
630 4123 751 4178 decanus
762 4122 901 4176 facultatis
915 4123 1013 4176 artium
1034 4121 1068 4176 de
1080 4123 1365 4192 nationeBoemorum
1379 4138 1487 4194 semper

299 4210 476 4280 imposterum
495 4209 637 4278 eligantur,
655 4217 683 4264 et
701 4211 725 4262 si
742 4225 798 4263 non
817 4216 940 4279 uterque,
958 4209 1031 4280 quod
1049 4207 1084 4263 ad
1102 4209 1241 4274 minimum
1254 4209 1374 4266 decanus
1387 4211 1485 4266 mium

300 4297 335 4350 eit
353 4311 461 4366 semper
478 4294 512 4349 de
529 4299 641 4352 natione
657 4297 821 4351 Boemorum
840 4298 911 4367 (sic).
1316 4296 1317 4299 ’

404 4383 476 4450 (eod.
485 4403 554 4438 maa.
565 4404 586 4439 c.
603 4404 627 4441 r.
636 4385 956 4452 Bibliotltecaepalaticce
973 4386 1172 4440 Vindoboacuso's
1184 4389 1286 4450 14446,
1298 4389 1387 4452 anappl.
1396 4388 1484 4452 2051.)
