3225 5017
284 345 335 394 aaa
587 311 589 316 ’
721 334 786 404 cap.
803 333 850 388 rx
869 332 1049 405 nniversam.

290 529 436 610 verbalis,
468 526 652 594 convocabit
682 525 851 607 magistros
879 524 1019 590 omnium
1046 522 1232 588 facultatum
1262 526 1294 587 et
1327 525 1482 603 proponet

285 651 421 698 causam.
466 631 528 711 Qui
559 632 620 697 sibi
653 649 751 695 unum
772 630 823 696 vel
857 629 965 711 plures
987 627 1186 710 deputabunt
1211 626 1336 709 judices
1365 626 1399 690 in
1420 624 1482 690 hac

285 756 390 804 causa.
434 736 477 802 Et
498 735 652 819 quidquid
674 735 782 800 taliter
803 733 948 816 deputati
966 731 1193 816 judicaverint,
1216 733 1363 796 teneatur
1383 730 1483 796 etiam

283 863 303 910 a
325 847 449 909 rectore
472 861 567 924 quam
591 861 611 906 a
632 844 724 923 parte
746 837 945 905 defendente.

385 946 475 1027 Item,
503 949 607 1011 rector
635 945 685 1012 bis
714 944 747 1010 in
769 943 946 1028 septimana
975 942 1071 1010 debet
1093 940 1276 1023 praesidere
1298 940 1481 1024 injudicio,

285 1053 351 1118 scil.
381 1051 484 1118 tertiis
515 1055 549 1118 et
578 1050 696 1134 quintis
718 1048 816 1131 feriis,
847 1049 897 1116 uel
928 1049 1010 1129 aliis,
1042 1065 1122 1130 quas
1152 1046 1278 1112 duxerit
1306 1047 1480 1129 eligendas.

283 1156 394 1222 Potest
415 1161 530 1236 tamen,
554 1159 590 1219 ut
612 1154 731 1220 dictum
754 1158 813 1234 est,
836 1154 864 1219 si
887 1154 1024 1221 voluerit
1048 1157 1081 1218 et
1103 1170 1234 1219 necesse
1256 1151 1361 1234 fuerit,
1396 1153 1484 1218 omni

285 1259 338 1330 ote
357 1260 479 1344 judicio
502 1260 695 1343 praesidere,
719 1259 816 1326 etiam
838 1258 891 1324 die
912 1256 1035 1325 feriata

392 1401 441 1465 19.
487 1398 531 1464 In
567 1399 717 1481 quibus
758 1398 917 1464 rectori
955 1397 1130 1464 obedire
1167 1396 1484 1464 Universitatis

286 1504 507 1588 supposita
528 1505 760 1569 teneantur.
795 1503 941 1569 Rectoris
967 1501 1254 1584 convocationibus,
1279 1503 1485 1570 citationibus

287 1613 319 1675 et
336 1607 528 1691 judiciorum
552 1607 718 1673 sententiis
752 1611 785 1672 et
807 1608 1003 1673 concordatis
1034 1611 1130 1689 atque
1158 1607 1315 1672 mandatis
1344 1607 1486 1672 rationa-

285 1712 402 1780 bilibus
425 1712 529 1778 omnia
545 1711 770 1779 Universitatis
795 1713 942 1780 membra
963 1715 1112 1778 tenentur
1133 1711 1270 1778 obedire.
1301 1713 1345 1777 Et
1366 1713 1394 1778 si
1411 1713 1486 1795 quis

286 1820 450 1900 paratuum
480 1835 515 1883 se
544 1817 749 1900 reputaverit,
779 1816 1006 1884 Universitatis
1028 1817 1182 1882 auxilium
1213 1817 1360 1899 imploret
1385 1835 1486 1902 super

284 1923 349 1988 illo.
381 1922 470 2004 Item,
495 1923 609 1989 citatus
634 1943 652 1988 a
674 1928 797 1990 rectore
820 1925 870 1990 uel
892 1924 1096 2004 uicerectore,
1127 1923 1156 1987 si
1188 1926 1354 1988 contumax
1375 1921 1485 2002 fuerit,

288 2027 390 2092 solvet
412 2046 509 2092 unum
532 2046 692 2110 grossum3
724 2029 752 2094 si
774 2029 878 2108 tertio,
902 2028 1004 2094 solvet
1026 2028 1107 2094 duos
1131 2045 1274 2110 grossos3
1306 2028 1334 2093 si
1357 2030 1485 2110 quarto,
1582 2052 1583 2061 ¹

284 2131 317 2196 in
339 2131 441 2197 tribus
464 2133 582 2214 grossis
604 2134 761 2217 punietur.
785 2133 896 2199 Potest
918 2133 1016 2198 etiam
1036 2136 1142 2198 rector
1165 2132 1339 2198 secundum
1355 2131 1487 2213 exigen-

285 2235 362 2301 tiam
393 2254 509 2302 causae
536 2236 570 2302 in
600 2237 802 2304 citationibus
833 2256 930 2302 unum
952 2238 1121 2303 terminum
1144 2237 1391 2321 peremptorium
1426 2253 1486 2318 pro

286 2340 430 2406 omnibus
452 2340 516 2406 illis
540 2341 701 2425 deputare.
726 2341 847 2420 Quodsi
868 2359 927 2407 nec
950 2341 1054 2407 adhuc
1078 2360 1260 2424 comparare
1281 2339 1418 2407 voluerit
1432 2338 1486 2405 vel

288 2445 477 2510 sententiam
500 2449 609 2510 contra
631 2464 666 2512 se
688 2445 805 2512 factam
828 2464 956 2512 seruare
979 2446 1147 2528 spreverit,
1170 2447 1211 2511 de
1234 2445 1390 2511 communi
1409 2463 1486 2509 con-

286 2548 358 2614 silio
380 2567 400 2614 a
420 2548 609 2616 lectionibus
632 2569 690 2633 per
713 2551 952 2633 suspensionem
975 2551 1136 2633 publicam
1163 2549 1347 2636 hujusmodi
1376 2549 1486 2614 exclu-
1581 2542 1582 2585 ἒ

286 2653 386 2718 datur.
433 2653 553 2732 Quodsi
574 2673 632 2720 nec
654 2655 741 2720 illam
770 2673 905 2738 poenam
927 2656 1093 2736 curaverit,
1126 2654 1182 2720 sed
1204 2671 1263 2737 per
1290 2653 1485 2739 quindenam

285 2757 318 2822 in
341 2759 537 2824 contumacia
559 2777 618 2824 sua
639 2760 849 2843 permanserit
879 2759 1055 2840 induratus,
1087 2763 1202 2825 extunc
1231 2759 1329 2826 trium
1359 2758 1486 2822 dierum

285 2862 456 2928 monitione
478 2864 652 2946 praemissa
675 2868 848 2944 erectore,
871 2883 952 2946 quac
975 2883 1035 2948 per
1056 2864 1221 2946 pedellum
1236 2863 1268 2929 in
1284 2862 1400 2929 scholis
1420 2862 1487 2927 sin-

286 2965 368 3048 gulis
398 2965 620 3048 publicabitur,
649 2967 683 3032 in
713 2967 955 3049 congregatione
984 2966 1212 3034 Universitatis
1242 2967 1284 3034 ad
1306 2966 1367 3032 hoc
1387 2964 1485 3047 iacta,

285 3069 359 3135 talis
381 3089 401 3135 a
423 3087 553 3154 corpore
574 3070 799 3136 Universitatis
822 3075 972 3154 tanquam
987 3073 1164 3138 membrum
1179 3072 1342 3155 putridum
1363 3072 1486 3136 rescin·
1580 3062 1581 3083 ¹

285 3175 380 3239 datur
402 3178 434 3239 et
455 3176 636 3243 inhibeatur
656 3175 813 3242 universis
837 3177 1019 3260 suppositis,
1052 3197 1093 3244 ne
1124 3196 1195 3244 cum
1224 3177 1281 3243 tali
1311 3177 1486 3260 quomodo-

285 3278 363 3344 libet
385 3285 610 3345 conuersentur
630 3281 663 3345 in
686 3282 810 3348 actibus
833 3281 1041 3363 scholasticis,
1067 3286 1135 3348 tam
1158 3282 1295 3366 publicis
1309 3300 1404 3365 quam
1417 3283 1486 3365 pri·

285 3383 378 3449 vatis.
415 3383 519 3450 Debet
539 3388 646 3451 tamen
668 3389 773 3451 rector
793 3386 828 3450 in
851 3404 947 3452 causa
968 3387 1104 3451 multum
1127 3387 1227 3453 ardua
1255 3386 1429 3469 procedere
1451 3385 1486 3450 in

278 3485 400 3570 judicio
423 3488 611 3556 consiliariis
635 3491 701 3556 suis
723 3489 947 3558 assistentibus
970 3493 1149 3557 secundum
1171 3489 1387 3559 definitionem
1409 3507 1484 3554 oon·
1579 3490 1580 3513 ¹

285 3592 349 3658 silii
371 3592 607 3675 Universitatis,
631 3595 756 3679 dequo
779 3595 910 3661 consilio
933 3595 1070 3662 habetur
1087 3597 1121 3662 in
1145 3599 1264 3662 statuto
1292 3595 1359 3678 ,De
1381 3597 1485 3661 consi-

284 3694 386 3762 liariis
410 3698 593 3780 eligendis.“

389 3835 440 3901 20.
464 3836 519 3902 Dc
542 3837 732 3920 exequiis
756 3838 1062 3908 defunctorum.
1108 3841 1145 3907 In
1176 3840 1319 3924 exequiis
1348 3839 1485 3924 alicujus

284 3939 416 4006 membri
438 3939 675 4023 Universitatis,
697 3945 763 4008 tam
785 3943 903 4026 vigiliis
920 3964 1015 4028 quam
1030 3947 1155 4026 missae,
1180 3945 1315 4030 quilibet
1331 3949 1481 4010 teneatur
1578 4008 1579 4011 ,

283 4043 447 4126 interesse,
469 4046 594 4112 nonnisi
616 4050 768 4130 quantum
791 4066 885 4129 quem
908 4049 1030 4132 obligat
1052 4050 1196 4116 debitum
1219 4048 1392 4115 charitatis.

388 4185 439 4251 21.
470 4185 527 4250 De
549 4186 694 4270 poenis
723 4186 1021 4270 injuriantium
1043 4189 1371 4272 suppositorum.
1418 4188 1481 4266 Qui

284 4289 375 4354 altari
413 4289 530 4356 dixerit
566 4310 623 4357 seu
659 4292 764 4376 ipsum
801 4293 964 4359 vocaverit
998 4294 1150 4377 injuriose
1193 4293 1387 4376 ,ribaldum“
1428 4294 1480 4359 uel

165 4433 167 4438 -
287 4398 458 4478 ,nequaml
495 4395 546 4460 vel
583 4396 800 4478 „mendacem“
839 4397 890 4463 vel
920 4397 1016 4463 simili
1046 4399 1149 4479 modo,
1187 4399 1271 4465 ultra
1304 4398 1477 4473 emendam,
