3225 5017
556 346 656 394 ΕΗΒ
1281 342 1409 414 Gap.
1449 342 1589 396 vm.
1634 339 1745 397 Re's
1783 341 2215 398 ecclesiasticae.

555 538 953 602 siastiearum
997 558 1069 602 ae
1117 538 1441 602 e-iritatum
1486 542 1552 603 et
1595 539 1943 604 diocesium
1990 539 2395 621 eiusdempro
2446 539 2696 607 vinciae
2760 541 2941 606 iuxta

556 662 873 710 saei-erum
921 646 1209 710 instituta
1257 662 1563 710 eanenum
1608 644 2005 709 referantur:

760 802 989 866 Villam
1049 801 1708 867 Lutliemusselensem
1753 801 1832 866 de
1874 800 2179 883 Pragensi
2239 802 2477 867 diocesi
2536 803 2932 884 existentem,

552 910 760 970 lenum
805 910 1025 990 itaque
1069 910 1341 970 nabilem
1389 914 1453 970 et
1493 907 1822 987 insignem,
1892 906 1973 971 ad
2017 907 2273 971 laudem
2320 908 2517 972 divini
2562 909 2832 993 nominis
2879 915 2944 974 et

552 1014 849 1078 honorem
893 1030 1009 1078 nee
1053 1030 1177 1078 uun
1229 1030 1341 1094 pre
1401 1014 1802 1090 incremento,
1848 1010 2134 1094 profectu
2181 1016 2247 1076 et
2303 1012 2685 1078 exaltatione
2743 1033 2929 1098 prae·

552 1118 740 1182 dietis
785 1118 849 1182 in
897 1118 1217 1182 eiritateui
1261 1118 1583 1198 erigiumS,
1640 1117 1974 1198 ipsamque
2032 1116 2308 1182 civitatis
2366 1119 2673 1184 vocabulo
2742 1119 2942 1201 insig-

552 1226 760 1286 nimus
825 1226 893 1286 et
957 1222 1397 1286 niehilmuinus
1473 1220 1803 1285 ecclesiam
1870 1221 2236 1287 monasterii
2295 1221 2656 1289 huiusmodi
2725 1243 2927 1290 novae

556 1326 833 1390 eivitatis
905 1326 1542 1390 Praemenstrateusis
1604 1325 1843 1390 ordinis
1919 1326 1984 1390 in
2059 1324 2486 1391 cathedralem
2561 1327 2755 1394 etiam
2824 1329 2947 1394 eri-

556 1438 793 1510 gentes,
877 1450 1017 1498 eam
1089 1434 1481 1498 dese-ruimus
1547 1429 1683 1495 fore
1756 1434 2063 1512 perpetuo
2131 1431 2333 1513 ipsius
2395 1449 2599 1498 novae
2661 1434 2944 1499 civitatis

560 1538 889 1602 eeclesiam
961 1538 1401 1614 cathedralem,
1473 1536 1573 1600 cui
1641 1539 1877 1600 certam
1949 1537 2192 1617 partem
2267 1534 2348 1600 de
2411 1533 2609 1601 vdictis
2686 1535 2947 1602 Olomu-

556 1642 724 1706 eensi
776 1646 841 1706 et
885 1642 1185 1721 Pragensi
1233 1642 1588 1706 [liueesibus
1634 1639 2029 1705 adiacentem
2075 1638 2282 1705 eidem
2341 1644 2407 1706 et
2465 1643 2653 1706 certis
2713 1640 2947 1708 finibus

564 1746 1069 1826 distinguendam
1165 1746 1543 1810 intendimus
1622 1743 1831 1810 facere
1905 1744 2235 1826 assignari,
2327 1748 2391 1809 et
2468 1749 2601 1811 tam
2688 1745 2952 1812 Olomu-

556 1870 805 1914 eeusem
881 1858 945 1914 et
1017 1850 1681 1915 Luthnmusselensem
1748 1848 2051 1914 ecclesias
2130 1853 2196 1913 et
2270 1850 2582 1939 ipsarum*
2629 1851 2945 1933 civitateS,

556 1974 744 2034 quam
793 1954 1289 2034 olomucensem,
1345 1974 1461 2018 nee.
1505 1973 1629 2019 non
1674 1953 2025 2037 praefatam
2088 1954 2295 2020 eidem
2354 1954 2947 2022 Luthomusselensi

552 2062 857 2126 ecelesiae
881 2062 1325 2142 assignandam
1349 2061 1671 2140 diocesim,
1720 2079 1797 2124 ex
1825 2079 1990 2124 nunc
2019 2060 2222 2141 ipsius
2252 2059 2589 2141 Pragensis
2623 2061 2941 2126 ecclesiae

560 2162 989 2246 suffraganeas
1037 2174 1101 2230 et
1145 2166 1225 2230 de
1273 2166 1593 2246 pruvincia
1637 2164 1943 2246 Pragensi
2002 2165 2470 2246 imperpetuum
2526 2163 2662 2229 fore
2721 2164 2946 2230 decer—

556 2266 760 2334 nimus
809 2274 873 2334 et
917 2270 1037 2334 iuri
1085 2274 1543 2354 metropolitico
1587 2271 1933 2336 subicimus
1979 2272 2044 2334 et
2088 2268 2409 2335 subiectas
2451 2267 2586 2333 fore
2646 2269 2946 2335 volumus

552 2374 1025 2454 arehiepisenpe
1073 2374 1393 2454 Prageusi,
1441 2375 1548 2458 qui
1571 2375 1695 2440 erit
1714 2393 1828 2457 pro
1858 2378 2162 2455 tempore,
2201 2376 2266 2436 et
2294 2371 2599 2453 Pragensi
2629 2373 2949 2439 ecclesiae

556 2486 937 2546 memoratae
969 2482 1321 2558 eeelesiam,
1373 2481 1692 2546 eiritatem
1738 2489 1802 2545 et
1852 2479 2155 2544 diocesim
2201 2476 2684 2554 olomucensem
2728 2497 2767 2542 a
2814 2497 2948 2544 me-

552 2586 925 2666 trepelitie-is
973 2586 1429 2666 arehiepiseepi
1477 2588 1541 2648 et
1576 2584 1884 2649 ecclesiae
1915 2581 2419 2665 Maguntinensis
2450 2580 2945 2663 praedictorum,

555 2706 668 2750 nee
712 2706 837 2750 nen
881 2690 1546 2754 Luthemnsselensem
1591 2688 1927 2753 ecclesiam
1987 2692 2052 2752 et
2110 2687 2433 2752 civitatem
2491 2685 2812 2766 praefatas
2872 2707 2947 2753 ac

552 2794 853 2858 diocesim
889 2794 969 2874 ei,
1001 2798 1073 2858 ut
1101 2794 1544 2874 praemittitur,
1591 2793 2039 2874 assignandam
2083 2792 2162 2856 ab
2208 2790 2544 2856 ordinariis
2590 2790 2740 2855 olim
2783 2792 2944 2857 Pra-

560 2898 768 2978 gensis
817 2898 1117 2982 episeopi,
1165 2918 1277 2962 nee
1325 2918 1445 2962 nnn
1491 2897 1866 2962 dilectorum
1907 2894 2181 2961 filiorum
2226 2894 2488 2978 capituli
2531 2895 2733 2976 ipsius
2779 2896 2940 2961 Pra-

560 3002 772 3082 gensis
821 3002 1125 3066 eeelesiae
1173 3022 1245 3066 ae
1273 3006 1555 3086 qualibet
1582 3002 2010 3083 praelatorum
2056 3005 2121 3067 et
2149 3001 2412 3083 capituli
2442 3000 2756 3082 generalis
2786 3000 2945 3066 dicti

556 3106 797 3170 erdjnis
845 3106 1297 3186 iurisdietiene,
1349 3105 1736 3171 subiectione
1794 3125 1871 3171 ac
1928 3105 2204 3171 dominio
2263 3122 2527 3188 prorsus
2586 3105 2943 3197 eximimuS,

556 3210 929 3274 austeritate
977 3230 1049 3274 ae
1093 3210 1173 3274 de
1217 3211 1609 3294 plenitudine
1655 3211 2055 3293 supradictis,

764 3366 941 3430 Haee
961 3370 1157 3450 igitur
1181 3390 1293 3450 per
1325 3369 1710 3450 apestolicae
1743 3368 1913 3434 sedis
1944 3365 2346 3449 prudentiam
2378 3370 2444 3431 et
2471 3365 2941 3447 providentiam

556 3474 1097 3554 eii-sumspeetam,
1149 3474 1237 3538 sie
1281 3474 1449 3538 faeta
1495 3474 1835 3539 salubriter
1878 3477 1945 3538 et
1986 3474 2231 3539 utiliter
2260 3470 2565 3550 ordinata,
2613 3472 2943 3552 perpetuis

556 3594 700 3638 esse
744 3578 1017 3642 valitura
1065 3578 1449 3658 temporibus
1497 3582 1562 3642 et
1604 3578 1799 3642 robur
1841 3575 2157 3642 firmitatis
2202 3574 2615 3640 immutabilis
2660 3574 2947 3640 obtinere

556 3682 857 3762 veientes,
889 3682 1265 3746 austeritate
1297 3678 1619 3762 praedicta
1651 3682 2003 3747 districtius
2031 3681 2408 3759 inhibemUS,
2440 3698 2521 3743 ne
2551 3679 2694 3761 quis
2726 3679 2940 3744 cuius-

556 3806 821 3866 eumque
869 3786 1421 3870 praeeminentiae,
1469 3785 1727 3866 ordinis,
1776 3786 2153 3851 conditionis
2214 3788 2325 3850 aut
2370 3788 2593 3863 statuS,
2642 3783 2835 3848 etiam
2884 3784 2938 3848 si

552 3890 1077 3970 arehiepiseepali
1121 3894 1233 3954 aut
1285 3890 1632 3972 spise-opali
1702 3910 1814 3956 seu
1881 3892 2058 3972 regia
2125 3891 2228 3955 vel
2294 3889 2516 3973 majori
2583 3887 2944 3970 perfulgeat

556 3994 881 4074 dignitate,
953 3994 1309 4058 huiusmodi
1361 3994 1786 4060 eirlinationes
1832 3995 2212 4077 apostolicas
2274 3999 2339 4059 et
2388 3994 2517 4058 alia
2576 3991 2944 4075 supradicta

552 4098 776 4178 queris
825 4102 1109 4178 quaesite
1161 4098 1365 4162 celere
1413 4100 1511 4163 rel
1555 4099 1742 4164 modo
1788 4099 1924 4165 sive
1983 4118 2174 4165 causa
2233 4100 2333 4165 vel
2394 4096 2725 4163 occasione
2783 4113 2940 4178 qua-

552 4202 708 4266 lib-et
760 4202 1117 4266 adinueutis
1173 4206 1429 4270 turbare
1496 4221 1609 4268 seu
1653 4202 2124 4285 quomodolibet
2180 4201 2489 4285 impedire
2530 4202 2921 4283 praesumat.

556 4306 640 4370 Et
678 4306 1121 4374 niehileminus
1165 4310 1229 4370 in
1277 4330 1401 4390 ees,
1449 4309 1557 4392 qui
1602 4327 1680 4374 ex
1725 4313 1899 4374 certa
1943 4309 2209 4375 scientia
2253 4308 2635 4375 contrarium
2666 4307 2938 4387 attemp-

556 4418 692 4474 tare
732 4414 1289 4494 praesumpserint,
1337 4414 1457 4478 uisi
1498 4412 1667 4478 infra
1710 4417 1851 4478 octo
1898 4413 2143 4479 dierum
2188 4412 2465 4496 spatium
2526 4414 2672 4495 post
2729 4408 2935 4491 publi-
