3225 5017
591 246 656 321 Cap.
673 248 720 305 IX.
738 249 919 308 Universitas.
1300 257 1349 340 291

158 442 241 541 enim
264 460 303 509 ex
324 461 408 520 nune
430 442 555 509 nutum
586 442 785 511 decernimus
816 447 849 508 et
878 443 981 525 inane,
1012 443 1040 507 si
1063 460 1156 508 seeus
1184 460 1281 530 super
1301 443 1353 509 his
1390 515 1392 522 ¹

156 567 177 613 a
199 566 367 630 quoquam,
391 550 502 631 quavis
525 550 724 630 austeritate,
749 548 885 617 scienter
900 548 952 614 nel
969 550 1161 630 ignoranter,
1184 549 1354 631 eontigerit

158 652 353 734 attemptari.

259 773 348 840 Nulli
369 793 444 857 ergo
466 776 591 845 omnino
605 775 775 843 vhominurn
796 775 893 843 liceat
920 774 1003 842 hana
1034 775 1183 859 paginam
1215 775 1353 843 Nostrae
1419 797 1422 804 ’

154 880 338 961 voluntatis,
360 880 481 962 statuti,
504 880 721 961 ordinationis,
744 880 1012 966 consessioniset
1033 881 1266 947 constitutionis
1300 882 1352 952 in·

154 984 294 1067 fringere
324 985 376 1051 uel
405 984 436 1051 ei
466 1003 562 1051 censu
589 985 757 1053 temerario
788 984 960 1066 eonmair03
995 985 1023 1049 si
1052 985 1124 1067 quis
1152 988 1261 1053 autem
1290 986 1351 1052 hoa

156 1092 346 1173 attemptare
378 1090 636 1174 praesumpserit,
672 1090 921 1173 indignationem
956 1091 1179 1177 omnipotentis
1203 1090 1278 1180 ¹Dei
1315 1094 1349 1157 et

154 1194 321 1261 beatorum
341 1194 426 1261 Pet'
386 1199 428 1261 tn
451 1198 484 1261 et
470 1194 603 1279 tPauli,
626 1201 719 1279 apost
705 1196 842 1261 tolosum
856 1196 935 1279 ejus,
952 1213 988 1260 se
1002 1196 1149 1261 nouerit
1139 1213 1351 1263 meursurum.

259 1316 377 1383 Datum
398 1316 519 1383 Romae
540 1317 626 1400 apud
648 1320 792 1383 sanatum
813 1317 953 1397 Petrum,
980 1316 1050 1383 XII.
1073 1316 1153 1384 Kal
1168 1316 1348 1472 ianuarias,

157 1418 322 1504 pontificat
322 1438 361 1487 us
382 1424 455 1487 nost
455 1422 483 1487 ri
505 1439 587 1487 anno
609 1439 701 1488 nono.
1278 1508 1282 1511 .

914 1524 966 1595 ιο.
989 1525 1030 1592 de
1051 1525 1194 1594 Bononia
1347 1553 1350 1563 ·

752 1628 860 1697 Gratis
882 1630 923 1697 de
944 1631 1093 1698 mandato
1116 1629 1235 1697 domini
1256 1628 1291 1697 P.
1314 1628 1349 1696 P.

888 1734 945 1801 do.
969 1736 1010 1802 de
1031 1734 1210 1804 Ferentino.

260 1856 349 1925 (Arcu.
373 1856 449 1911 Uale.
467 1856 600 1925 stag.-
564 1856 687 1907 -Mora
699 1856 765 1908 aar.
783 1856 821 1909 ΙΙ
839 1860 866 1910 1.
883 1858 950 1925 ἀέρι.
969 1857 1065 1926 XLV.)
1129 1872 1133 1883 ’

261 1966 311 2063 17.
341 1997 487 2075 Domus
509 1948 603 2061 Nat
574 1996 705 2061 tronis
732 1948 997 2112 Boemorurn,
1012 1995 1257 2080 Collegium
1279 1994 1352 2062 Na-

154 2103 297 2169 tionis.
323 2099 546 2167 rasa-1403.
1012 2167 1014 2171 ,

264 2204 741 2275 (1403.Moutio.rll.1p..406
761 2204 948 2273 tumere.)
1096 2213 1098 2220 ’

261 2328 469 2383 1403-14071n
477 2325 609 2399 parochia
623 2327 648 2382 S.
657 2326 735 2381 Calli.
743 2331 915 2381 1408-1413
929 2326 1028 2383 domus
1041 2327 1168 2384 Nationis
1181 2327 1352 2382 Boemorum.

258 2416 359 2472 Literis
378 2431 402 2470 a.
422 2406 498 2483 1401,
521 2421 561 2469 13.
579 2414 648 2485 Maji
672 2413 744 2469 datis
762 2413 943 2479 Weneeslans
971 2414 1007 2469 de
1028 2414 1186 2483 Chotietow,
1209 2415 1357 2485 presbyter

154 2502 224 2557 dioc.
249 2502 328 2571 Prag.
354 2508 382 2558 et
406 2502 531 2556 minister
551 2500 672 2571 capellae
695 2501 786 2570 regiae
810 2501 842 2555 0.
859 2502 886 2555 S.
909 2500 939 2554 in
957 2507 1048 2557 easno
1072 2501 1213 2571 Pragensi,
1241 2500 1352 2557 domum

156 2606 247 2657 suam,
260 2576 361 2645 dietam
378 2589 514 2657 Nationis,
537 2588 566 2643 in
589 2588 690 2657 Majori
715 2588 829 2643 Ciuitate
852 2588 993 2658 Pragensi,
1015 2589 1045 2644 in
1068 2587 1201 2659 parochia
1222 2588 1248 2643 S.
1267 2587 1350 2661 Calli,

154 2674 227 2731 inter
244 2675 353 2737 domum
370 2676 511 2733 Hannonis
530 2682 557 2731 et
575 2675 685 2731 domurn
702 2674 832 2731 Nationis
852 2675 1045 2745 Bohemornm,
1068 2675 1188 2743 donavit,
1212 2674 1354 2744 deputavit

146 2768 183 2817 ,et
199 2762 300 2832 legavit
317 2764 455 2834 magistris
474 2769 502 2819 et
518 2762 570 2818 toti
587 2762 692 2817 nationi
709 2761 874 2817 Bohemieae
893 2762 1002 2830 (Balbin
1022 2763 1091 2817 Boh.
1104 2762 1185 2817 doeta
1198 2762 1220 2816 Ι.
1233 2766 1267 2814 28
1280 2763 1351 2829 eta).

264 2855 438 2914 1429-1433
466 2850 549 2907 Natio
575 2849 756 2904 Bohemorum
783 2865 870 2919 penes
894 2848 1004 2904 domum
1031 2848 1143 2918 Collegii
1167 2848 1239 2918 regis
1269 2847 1351 2903 Wen-

160 2938 252 2994 ceslai.
898 2968 901 2975 ·
1041 2936 1155 3003 (Tomek,
1172 2936 1315 3004 deludg.)

261 3098 311 3163 18.
334 3096 457 3163 Soola
479 3095 740 3163 medicorum.
778 3044 871 3161 reos
952 3111 955 3116 ·

258 3200 291 3254 In
309 3200 400 3269 platea
418 3200 443 3253 S.
460 3196 600 3252 Valentini
619 3204 686 3253 1405
704 3196 787 3254 Seola
804 3196 979 3252 medicorum.
1004 3201 1070 3251 1411
1097 3197 1244 3267 Collegium
1269 3195 1351 3250 medi·
1415 3206 1417 3210 ·

154 3303 247 3354 eorsum
266 3303 300 3341 ex
318 3286 447 3357 opposito
464 3283 561 3341 Jaoohi
578 3284 712 3341 institoris
731 3285 765 3340 de
783 3286 867 3355 Plan,
886 3290 955 3342 1429
971 3284 1051 3341 Soola
1067 3284 1241 3341 medicorum.

1041 3373 1155 3440 (Tomelc,
1172 3373 1313 3439 Zdlcdady.)

246 3464 314 3580 ⁴19.
339 3511 573 3595 Collegium
594 3512 774 3593 reginae.
800 3512 1024 3582 reon-1411.

261 3620 430 3671 reor-1411
449 3614 478 3671 in
494 3614 554 3669 foro
572 3615 598 3668 S.
617 3612 802 3668 Callidemus
822 3613 887 3667 olim
904 3614 980 3684 Maly
997 3615 1142 3683 institoris,
1168 3631 1250 3683 quam
1277 3632 1351 3669 nune

157 3712 254 3763 tenent
271 3702 394 3774 magistri
421 3700 518 3757 domus
540 3700 668 3757 Nationis
692 3701 865 3756 Boemorum.
901 3706 969 3755 1413
992 3702 1097 3756 Domus
1115 3701 1252 3770 quondam
1276 3702 1352 3773 Maly

154 3792 299 3860 institoris,
317 3806 390 3845 niune
408 3805 471 3843 vero
491 3786 683 3857 Collegium
708 3786 864 3857 Reginae
887 3795 1055 3858 nuncupata,
1077 3788 1106 3841 in
1130 3786 1190 3844 foro
1215 3790 1241 3844 S.
1272 3790 1351 3859 Galli,

155 3881 231 3936 natio
242 3880 405 3935 Boemorum
417 3874 609 3932 Universitatis
623 3872 707 3929 studii
718 3874 864 3944 Pragensis
876 3875 999 3945 resignat
1015 3874 1196 3954 studentibus,
1210 3876 1348 3945 qnondam

155 3970 184 4023 in
202 3967 366 4033 Jerusalem,
384 3964 504 4033 exeeptis
523 3961 630 4017 dnobus
643 3961 801 4031 commodis,
814 3979 930 4032 qnorum
941 3962 1033 4018 hostia
1045 3963 1081 4017 ad
1092 3965 1210 4019 Domum
1221 3962 1348 4020 Nationis

155 4063 222 4111 sunt
240 4068 372 4111 conuersa
390 4057 440 4106 ete.
463 4054 633 4105 1415-1433
653 4048 800 4119 Collegium
818 4050 950 4120 Reginae.
1044 4051 1161 4116 (Tomoe,
1177 4054 1315 4121 Ζάιιιιιιι.)

196 4274 197 4279 ,
261 4214 311 4279 20.
336 4211 511 4277 Statuta
534 4206 717 4287 Collegit
741 4206 881 4273 Caroli
903 4209 986 4274 IV..
1025 4266 1031 4272 ,

261 4310 391 4383 Magistri
410 4308 522 4379 Collegii
542 4308 680 4373 ,volentes
699 4306 734 4361 ad
757 4309 845 4365 instar
868 4310 982 4365 aliarum
1005 4307 1182 4366 honestarum
1206 4328 1351 4383 congrega-

1194 4402 1244 4454 19*
