3225 5017
568 320 664 364 151]
1165 308 1295 376 Cup.
1331 307 1455 360 VH.
1497 307 1755 361 Civitates
1795 308 1972 373 et·jus
2005 307 2349 376 municipale.

564 508 869 568 cessimus
917 508 981 564 et
1033 502 1457 579 concedimus,
1520 501 1894 565 donavimus
1940 504 2005 565 et
2056 500 2361 565 donamus
2406 520 2481 566 ac
2521 501 2758 567 dictam
2802 503 2953 567 civi-

560 616 757 672 tatum
805 608 1237 672 liburtaviuius
1283 610 1350 671 et
1392 605 1781 685 libertamuS,
1833 605 1898 669 in
1944 604 2068 670 hiis
2112 606 2370 688 scriptis
2415 606 2843 686 decernentes,
2883 610 2959 671 ut

564 715 757 776 iidem
805 712 973 776 cirus
1021 729 1363 792 [annusque
1408 713 1473 773 et
1518 709 1751 789 singuli
1795 709 2131 790 utriusque
2177 727 2363 774 sexus
2395 709 2639 775 incolae
2669 714 2736 775 et
2770 711 2952 775 inha-

560 820 869 880 bitatores
901 816 1105 880 dictat]
1141 815 1415 880 civitatis
1461 813 1924 894 universaliter,
1973 813 2083 896 qui
2126 832 2292 878 nunc
2340 814 2428 881 ibi
2474 819 2621 880 sunt
2664 819 2777 880 aut
2806 834 2948 880 suc-

568 940 849 984 cessures
897 924 1177 1004 ipsorum
1225 919 1520 998 universi,
1584 918 1873 984 omnibus
1935 921 2001 981 et
2060 918 2326 999 singulis
2362 919 2633 1002 juribu8‚
2696 919 2953 986 liberta-

564 1028 753 1104 tibus,
825 1028 1294 1104 fflnunimtihuffi
1363 1023 1594 1104 graciis
1666 1026 1731 1086 et
1798 1022 2127 1103 quibusvis
2186 1021 2331 1087 aliis
2392 1023 2954 1098 consuetudinibus

564 1136 853 1200 frua-ntur
897 1136 961 1192 et
1005 1132 1085 1192 ud
1131 1132 1386 1212 plenum
1431 1128 1769 1211 gaudeant,
1818 1127 2047 1208 quibus
2095 1127 2319 1194 civitas
2376 1128 2608 1212 regalis
2655 1129 2958 1214 (Budejo-

564 1236 729 1316 vice]
793 1240 853 1300 et
913 1236 1049 1320 qius
1097 1236 1339 1300 inu-ulae
1399 1235 1729 1316 hucusque
1772 1231 1918 1298 freti
1964 1236 2113 1298 sunt
2156 1251 2269 1298 seu
2318 1235 2791 1318 quomodolibet
2836 1253 2950 1318 po-

564 1344 817 1404 ciuntur
861 1340 941 1404 ad
973 1360 1273 1424 praesens
1317 1341 1418 1405 vel
1464 1343 1723 1405 utentur
1763 1337 1986 1422 quovis
2018 1338 2203 1403 modo
2237 1338 2303 1403 in
2332 1336 2564 1418 sutum,
2604 1339 2724 1403 hoc
2753 1339 2953 1419 sava

564 1444 733 1528 quud
781 1444 989 1508 omnia
1037 1448 1101 1508 ut
1133 1444 1378 1524 singula
1401 1444 1547 1526 jura
1578 1447 1644 1508 et
1688 1461 1895 1522 onera,
1952 1461 2117 1525 quae
2163 1443 2448 1526 praefata
2492 1443 2719 1510 civitas
2764 1443 2836 1508 B.
2884 1446 2956 1507 et

564 1552 701 1632 ejus
729 1552 969 1612 incolas
997 1548 1341 1613 Bohemiae
1366 1550 1623 1630 regibus
1649 1552 2110 1613 consueverunt
2140 1548 2403 1628 solvere,
2449 1549 2532 1613 ad
2562 1548 2785 1613 eadem
2805 1549 2958 1630 ,iura

564 1660 628 1716 et
689 1672 877 1716 unere.
937 1652 1245 1732 praedicti
1310 1653 1481 1718 cives
1541 1655 1607 1716 et
1664 1652 2045 1718 universitas
2105 1652 2170 1717 in
2214 1652 2285 1717 Β.
2332 1652 2535 1719 Nobis
2593 1657 2659 1718 et
2700 1652 2956 1717 Nostris

568 1756 1041 1820 sur-cessuriluts
1089 1760 1213 1820 siut.
1261 1757 1522 1821 astricti.

773 1864 1105 1924 Caeterum
1173 1864 1461 1925 volumus
1529 1867 1593 1926 et
1646 1860 2068 1941 concedimuS,
2131 1861 2300 1944 quod
2357 1861 2718 1943 quicunque
2757 1879 2947 1943 prae-

564 1968 877 2032 dictorum
945 1968 1173 2028 civium
1241 1965 1616 2030 Nostrorum
1674 1966 1910 2031 ibidem
1970 1967 2036 2031 in
2080 1965 2150 2031 Β.
2213 1966 2598 2048 corporalem
2658 1965 2953 2030 obtinens

564 2072 993 2152 residentiam,
1041 2076 1221 2136 exirit.
1285 2070 1490 2153 ipsam
1559 2070 1883 2136 civitatem
1942 2071 2008 2135 in
2067 2071 2219 2136 villa
2275 2071 2512 2136 Nostra
2572 2087 2955 2154 quacunque

564 2176 977 2240 hereditatum
1013 2176 1289 2256 aliquam
1317 2194 1432 2240 seu
1474 2176 1640 2241 bona
1684 2176 1813 2240 alia
1843 2194 2257 2259 quaecunque
2294 2174 2552 2241 mobilia
2582 2192 2695 2240 seu
2725 2175 2952 2239 immo-

564 2284 717 2348 bilia
761 2284 1070 2360 hahuerit,
1133 2280 1456 2360 praedicta
1515 2281 1726 2345 omnia
1772 2279 1995 2344 eodem
2029 2281 2195 2363 Jure,
2254 2283 2330 2345 ut
2370 2278 2815 2361 praemittitur,
2875 2279 2956 2343 li-

568 2388 713 2452 bere
745 2388 1005 2464 tenebit*
1037 2388 1241 2448 sulum
1281 2385 1546 2463 robotaS‚
1596 2402 2008 2466 quascunque
2037 2385 2146 2449 alii
2178 2384 2422 2449 incolae
2451 2383 2641 2450 villae
2664 2382 2955 2466 ejusdem

568 2492 769 2556 Nubis
813 2492 1021 2556 facere
1069 2492 1434 2570 dehuerlmt‚
1494 2489 1759 2554 totidem
1820 2494 1884 2554 et
1940 2489 2251 2571 praedicti
2314 2489 2485 2553 cives
2543 2488 2625 2553 de
2663 2480 2957 2570 'ipsorum

567 2596 921 2664 hereditate
965 2596 1165 2660 Nobis
1209 2595 1561 2660 robotizare
1608 2612 1722 2658 seu
1767 2594 1999 2660 ducere
2043 2592 2439 2660 tenebuntur.

769 2700 1109 2764 1³·1*aeterca
1173 2700 1253 2764 {le
1310 2699 1525 2780 gracia
1593 2697 1857 2780 speciali
1923 2698 2083 2780 ipsis
2151 2696 2550 2764 concedimus
2618 2700 2944 2780 praesenti

568 2808 813 2872 indultu
861 2804 1289 2884 decerne-ntea
1337 2804 1505 2886 quod
1549 2801 2052 2885 quandocunque
2082 2807 2147 2867 et
2175 2803 2725 2885 quocienscunque
2754 2822 2954 2886 expe-

568 2912 725 2976 ditio
773 2912 1085 2992 generalis
1145 2912 1245 2972 vel
1286 2908 1689 2991 particularis
1733 2909 1901 2973 intra
1955 2908 2057 2974 vel
2103 2911 2279 2974 extra
2321 2911 2558 2973 terram
2600 2908 2954 2991 proclama-

568 3020 741 3080 hitur
785 3020 853 3080 et
897 3016 1065 3080 uires
1113 3013 1434 3096 praedatae
1479 3013 1758 3078 civitatis
1801 3013 2036 3096 regalis
2092 3013 2160 3078 in
2202 3012 2273 3078 Β.
2322 3013 2405 3077 ad
2464 3011 2727 3078 eandem
2773 3014 2955 3097 equi-

568 3128 705 3184 tare
753 3128 817 3184 et
877 3140 1093 3184 curvus
1157 3118 1542 3200 stipendiare
1602 3118 1953 3197 debuerint,
2012 3117 2145 3182 Nos
2205 3117 2409 3181 dictos
2469 3118 2637 3182 cives
2681 3116 2953 3182 Nostros

572 3228 648 3292 de
697 3224 765 3288 Β.
833 3224 909 3288 ab
969 3224 1093 3288 hiis
1157 3224 1398 3289 duobus
1457 3223 1753 3288 oneribus
1812 3226 2214 3304 supportatos
2274 3221 2510 3288 habere
2552 3221 2843 3287 volumus
2886 3225 2954 3287 et

568 3332 829 3396 solutus,
1445 3332 1450 3341 '

773 3432 1221 3500 ifeizimtamnn
1282 3432 1335 3497 si
1396 3432 1596 3498 Nobis
1644 3435 1754 3495 aut
1810 3430 2061 3497 Nostris
2124 3432 2593 3499 successoribus
2639 3431 2950 3499 adversus

568 3544 785 3604 hoste-s
833 3540 893 3604 in
937 3544 1105 3600 tei-ra
1153 3556 1261 3600 suu
1292 3537 1358 3601 in
1400 3536 1708 3602 limitibus
1750 3540 1958 3602 terrae
2001 3537 2343 3603 Bohemiae
2374 3537 2573 3602 ardua
2599 3538 2952 3604 necessitas

572 3644 765 3728 (quud
813 3644 1005 3724 absit}
1053 3644 1394 3724 iugi-uetur,
1442 3642 1635 3707 iidem
1683 3642 1853 3707 cives
1898 3642 1963 3706 in
1993 3642 2064 3707 B.
2099 3643 2463 3726 corporibus
2492 3643 2776 3726 ipsorum
2804 3660 2950 3726 pro-

572 3752 729 3832 priis
777 3755 961 3828 prout
1005 3752 1069 3812 et
1113 3748 1221 3810 alii
1265 3745 1480 3812 Nostri
1529 3745 1700 3810 cives
1746 3749 1811 3810 et
1854 3745 2151 3828 oppidani
2196 3746 2332 3811 sine
2361 3746 2584 3828 quavis
2612 3747 2951 3812 renitentia

572 3860 636 3919 et
693 3852 1185 3916 contradictione
1229 3850 1428 3915 Nobis
1473 3853 1538 3915 et
1580 3849 1831 3914 Nostris
1877 3851 2346 3917 successoribus
2399 3850 2729 3934 suffragari
2770 3856 2949 3917 tene-

568 3960 801 4024 buntur
865 3964 929 4020 et
993 3960 1055 4020 iil
1117 3955 1448 4036 stipendiis
1509 3974 1806 4020 curruum
1867 3960 2043 4021 extra
2100 3958 2336 4021 terram
2392 3956 2536 4020 aliis
2593 3955 2840 4022 civibus
2884 3959 2951 4021 et

572 4064 901 4144 oppidanis
949 4060 1197 4124 Nusttis
1245 4077 1314 4124 se
1361 4059 1638 4125 debeant
1677 4079 1792 4143 per
1836 4060 2045 4125 omnia
2090 4058 2493 4129 conformare.

777 4165 1101 4228 Postremo
1169 4163 1502 4228 annuimus
1569 4168 1636 4229 et
1699 4165 2017 4247 praesenti
2079 4152 2434 4230 sanccimus
2488 4163 2715 4244 edicto,
2776 4163 2948 4245 quod

568 4272 620 4336 si
685 4288 981 4352 umqumu
1045 4268 1105 4332 iu
1169 4267 1394 4347 causis,
1471 4267 1710 4347 litibus,
1771 4268 2234 4348 controversiis,
2288 4267 2695 4333 materiarum
2754 4286 2947 4349 quae-

568 4372 877 4436 stionibus
925 4372 1021 4436 rel
1069 4372 1209 4436 aliis
1257 4371 1584 4456 quibusvis
1622 4370 1978 4453 judiciariis
2024 4371 2270 4437 actibus
2300 4371 2475 4451 tales
2495 4371 2944 4452 ambiguitates

2479 4536 2495 4610 ἓ

2459 4827 2500 4980 ί,
