3225 5017
425 289 490 360 Gap.
508 289 567 344 Vll.
587 289 716 345 Civitates
735 297 761 344 et
775 292 824 357 jus
843 289 1014 360 municipale.
1155 316 1157 323 κ
1268 297 1317 369 179

124 485 253 550 civitate
283 484 435 567 elegerint
456 484 639 564 incolatum,
669 485 709 549 ab
740 484 885 550 omuibus
908 489 941 550 et
963 485 1097 567 singulis
1129 484 1226 566 taliis,
1260 488 1325 552 col·

121 590 223 670 lectis,
246 589 394 671 angariis,
417 590 615 671 parangariis
635 608 672 654 ao
688 589 759 655 aliis
779 590 1034 672 impositionibus
1050 593 1083 654 et
1098 591 1317 671 exactionibus

123 695 363 778 quibuscunque
386 697 419 758 et
439 709 626 778 quocunque
648 695 774 759 nomine
802 699 1032 777 nuncupentur,
1060 694 1099 759 de
1121 694 1213 761 bonis
1235 715 1318 778 quae

120 801 154 865 in
177 798 263 864 dicta
284 797 375 862 Nova
398 797 536 863 Civitate
558 799 705 863 duxeriut
735 799 931 881 apponenda,
963 799 1127 881 usquead
1150 800 1316 873 duodecim

120 921 228 983 anuos,
251 900 393 968 Iudaeos
415 921 490 969 vero
513 903 621 985 etqui
644 903 684 966 de
707 903 947 985 quibuscunque
969 905 1152 986 regionibus
1176 909 1209 970 et
1231 906 1316 971 orbis

117 1008 264 1092 partibus
294 1006 334 1072 ad
364 1005 469 1072 dictae
499 1006 609 1093 Novae
639 1005 785 1073 Civitatis
823 1007 951 1071 venient
984 1007 1170 1088 incolatum,
1199 1009 1318 1075 ibidem

119 1112 317 1178 domicilium
340 1110 502 1193 eligentes,
526 1111 589 1175 illis
621 1115 726 1177 tamen
756 1109 912 1176 duntaxat
939 1114 1091 1195 exceptis,
1122 1113 1232 1198 quiin
1255 1111 1320 1178 An-

119 1219 211 1302 tiqua
235 1215 373 1282 Ciuitate
393 1213 547 1298 Pragensi
576 1220 747 1296 morantur,
779 1216 864 1297 quod
887 1217 1050 1300 antiquam
1079 1218 1241 1300 negligere
1262 1237 1318 1283 no·
1399 1272 1401 1281 ,

117 1324 224 1388 lumus
246 1324 376 1404 propter
396 1339 520 1402 novam,
555 1324 587 1386 et
608 1321 726 1386 ibidem
750 1321 860 1400 domos
883 1325 916 1387 et
937 1320 1083 1389 aedificia
1104 1324 1232 1406 lapidea
1254 1322 1318 1388 suf-

123 1425 268 1492 ficienter
304 1429 337 1490 et
375 1425 489 1491 idonee
520 1429 701 1490 construere
732 1425 920 1506 studuerint,
951 1445 1053 1510 usque
1083 1428 1123 1492 ad
1154 1428 1320 1495 duodecim

119 1550 220 1598 annos
244 1529 340 1598 etiam
370 1529 411 1596 de
433 1529 565 1612 speciali
586 1528 724 1596 Nostrae
753 1528 988 1596 munificentiae
1013 1532 1117 1614 gratia
1139 1533 1315 1613 eximimus,

120 1636 315 1702 absolvimus
347 1633 474 1718 penitus
509 1638 542 1699 et
575 1635 758 1718 quittamus,
774 1719 775 1726 ἵ
793 1640 829 1700 ut
859 1654 960 1718 usque
990 1636 1031 1701 ad
1061 1637 1147 1702 dicta
1175 1641 1319 1720 tempora

120 1740 279 1823 completa
302 1738 469 1822 superbis
493 1757 511 1803 a
535 1757 722 1823 quocunque
743 1741 923 1806 nullatenus
946 1740 1148 1822 impetantur.
1195 1742 1317 1827 Quibus

115 1843 216 1910 finids
245 1843 439 1927 temporibus
469 1843 604 1926 praefati
625 1845 748 1910 incolae
777 1848 811 1910 et
831 1845 1030 1911 habitatores
1062 1865 1100 1910 ac
1122 1845 1240 1912 Iudaei
1262 1867 1317 1912 ua-

115 1955 224 2016 turam
245 1949 420 2014 incolarum
443 1952 476 2013 et
497 1948 711 2016 habitatorum
730 1968 767 2016 ao
782 1949 802 2015 J
805 1949 978 2015 udaeorum
994 1948 1141 2016 Civitatis
1156 1949 1317 2034 Antiquae

115 2052 224 2138 quoad
238 2052 317 2119 haec
333 2053 516 2119 sortiantur.
541 2052 622 2119 Item
637 2054 792 2135 volumus,
817 2054 902 2137 quod
916 2054 1114 2135 brasiatoria,
1139 2055 1315 2132 siccatorio,

114 2158 307 2238 braxatsria,
343 2153 506 2223 currifices
542 2162 574 2222 et
603 2159 803 2224 malleatores
834 2159 1005 2243 cujuslibet
1033 2158 1137 2224 stanni
1166 2177 1225 2223 nec
1254 2177 1316 2223 non

119 2263 205 2330 fabri
228 2264 443 2348 cujuscunque
467 2263 655 2329 conditionis
685 2265 832 2346 existant,
864 2264 1017 2329 ordinatis
1046 2267 1152 2328 tamen
1173 2263 1213 2328 ad
1236 2282 1316 2347 opus

117 2372 154 2434 et
175 2385 252 2434 usus
276 2385 428 2450 equorum
451 2371 484 2434 et
505 2372 682 2439 armaturas
704 2369 894 2436 facientibus
917 2369 1071 2435 duntaxat
1092 2366 1243 2451 exceptis,
1274 2367 1315 2432 ad
1397 2358 1403 2370 ’

115 2473 237 2539 dicum
259 2471 382 2538 Novam
406 2472 574 2538 Civitatem
605 2471 687 2539 intra
716 2494 834 2540 annum
860 2475 918 2540 sub
940 2473 1077 2539 Nostrae
1098 2472 1314 2554 indignatione

116 2576 316 2642 celsitudinis
350 2576 590 2643 transferantur.
636 2579 672 2642 Iu
709 2597 842 2660 quorum
878 2577 1095 2644 testimonium
1131 2579 1315 2659 praesentes

117 2682 217 2748 scribi
239 2686 272 2746 et
293 2681 389 2763 sigilli
413 2681 590 2766 Majestatis
613 2681 749 2748 Nostrae
780 2683 963 2749 munimime
985 2682 1139 2766 jussimus
1161 2680 1311 2746 roborari.

224 2785 343 2851 Datum
364 2787 487 2868 Pragae
507 2806 535 2852 a.
551 2786 590 2852 D.
610 2788 898 2868 resalutatione
920 2788 1031 2870 prima,
1055 2785 1139 2851 VIII.
1157 2785 1200 2851 id.
1217 2783 1310 2848 Mart.

116 2909 289 2973 regnorum
310 2891 498 2956 Nostrorum
520 2910 601 2956 auno
625 2892 771 2957 serundo.

225 2994 327 3061 (Palati,
346 2994 415 3046 Kerl
433 2995 480 3048 IV.
505 2995 578 3060 Urlc.)

228 3101 256 3164 6.
301 3099 378 3168 Jus
412 3100 555 3182 regale
600 3100 768 3184 ciVItai
811 3099 1120 3167 Bavoroviensi
1166 3099 1312 3180 imper·

113 3206 250 3272 titum.
299 3203 359 3270 Oa.
390 3205 481 3270 1360.

224 3307 318 3376 Cives
336 3310 435 3392 jurati
456 3314 587 3394 totaque
613 3310 821 3376 communitas
850 3308 988 3375 civitatis
1010 3309 1046 3374 Β.
1070 3306 1180 3373 fideles
1202 3306 1312 3371 Nostri

114 3414 227 3482 dilecti
248 3414 281 3480 in
302 3412 411 3480 Nostri
432 3415 612 3498 praeseutia
632 3415 843 3500 personaliter
865 3414 1056 3498 (constituti)
1086 3412 1185 3478 Nobis
1208 3411 1311 3476 humi-

113 3521 192 3586 liter
213 3519 440 3602 supplicarunt,
463 3523 617 3602 quatenus
640 3518 719 3602 ipsis
742 3519 783 3583 de
805 3519 914 3584 inuata
928 3518 1029 3585 Nobis
1046 3517 1166 3601 pietate
1185 3518 1239 3600 jus
1261 3535 1311 3581 re-

114 3625 189 3706 gale
223 3623 348 3705 donare,
383 3623 555 3689 concedere
585 3643 622 3690 ao
652 3624 769 3690 dictam
800 3623 961 3688 civitatem
991 3623 1133 3704 graciose
1162 3622 1311 3688 libertare

117 3729 329 3812 dignaremur.
1323 3713 1326 3718 ’

223 3833 289 3898 Nos
318 3832 426 3914 itaque
458 3833 665 3898 consideratis
694 3833 863 3916 probitatis
894 3851 1003 3896 eorum
1031 3830 1161 3912 meritis,
1196 3831 1309 3914 quibus

115 3938 218 4004 Nobis
248 3941 281 4002 et
309 3937 607 4021 praedecessoribus
636 3936 761 4004 Nostris
793 3935 856 4000 fide
885 3956 967 4020 pura
997 3940 1029 4001 et
1058 3935 1226 4000 indefessis
1256 3937 1310 4002 ob-

116 4043 238 4126 sequiis
260 4045 391 4107 actenus
421 4042 687 4124 complacuerunt,
717 4042 759 4106 ad
788 4043 1040 4124 prosecutionem
1069 4041 1209 4123 ipsorum
1237 4059 1309 4123 pro·
1340 4120 1344 4127 ‚

114 4148 219 4212 fectus
248 4127 281 4210 ct
311 4145 466 4211 commodi
495 4145 638 4227 benignis
669 4144 834 4211 affectibus
864 4146 1006 4210 inclinati
1034 4163 1072 4210 ac
1103 4145 1308 4227 petitionibus

117 4252 259 4334 ipsorum
281 4253 391 4332 utpote
413 4249 657 4315 racionabilibus
680 4249 791 4316 merito
809 4253 992 4329 annuentes,
1015 4249 1119 4314 animo
1135 4250 1307 4315 deliberato

116 4355 197 4438 ipsis
220 4359 383 4421 eteorum
404 4353 520 4420 futuris
550 4355 785 4421 successoribus
815 4353 993 4437 praefatum
1017 4354 1071 4437 jus
1099 4354 1206 4436 regale
1236 4372 1307 4418 con·

1152 4456 1200 4509 12*
