3225 5017
599 336 702 385 264
1457 331 1587 401 Cap.
1636 332 1738 388 IX.
1774 333 2134 389 UniversitaS.

599 545 743 591 care
799 527 1045 609 possint
1108 530 1174 591 et
1229 526 1499 607 valeant,
1563 527 1819 594 domum
1863 528 2037 594 illam
2095 528 2163 592 in
2223 527 2453 593 Minori
2499 527 2779 593 Civitate
2834 525 2989 592 Pra-

594 633 792 712 gensi,
840 649 1004 715 quae
1048 630 1170 695 fuit
1197 631 1536 712 aliquando
1577 634 1783 698 bonae
1813 634 2271 699 recordationis
2318 631 2624 714 Bohutae,
2674 632 2990 715 quondam

596 733 932 818 Pragensis
977 737 1280 818 canonici,
1325 756 1489 819 quae
1534 737 1659 803 sita
1690 743 1788 804 est
1821 758 1912 804 ex·
1930 740 2217 823 opposito
2251 739 2462 804 curiae
2493 736 2747 821 plebani
2777 737 2981 803 eccle-

596 839 731 905 siae
798 840 1002 907 sancti
1065 840 1314 908 Nicolai
1376 841 1584 907 dictae
1643 839 1909 908 Minoris
1958 842 2252 908 Civitatis
2296 841 2651 923 Pragensis,
2713 841 2873 923 ipsis
2922 844 2986 906 et

558 954 818 1011 'eorum
885 946 1356 1013 successoribus
1422 948 1488 1012 in
1553 949 1932 1030 perpetuum
1999 947 2378 1012 auctoritate
2446 946 2620 1026 regia
2687 943 2988 1010 Boemiae

599 1068 712 1134 pro
755 1049 974 1133 Nobis,
1021 1050 1360 1118 heredibus
1407 1054 1472 1116 et
1516 1051 1989 1116 successoribus
2035 1048 2304 1130 Nostris,
2364 1049 2622 1132 regibus
2667 1048 2988 1129 Boemiae,

595 1158 661 1221 et
703 1155 988 1239 ejusdem
1028 1155 1207 1238 regni
1268 1173 1514 1237 corona,
1575 1155 1785 1221 animo
1853 1155 2200 1222 deliberato
2261 1173 2335 1220 ac
2396 1154 2476 1219 de
2535 1159 2707 1220 certa
2748 1153 2988 1219 Nostra

592 1260 860 1326 scientia
916 1260 1159 1341 damus,
1220 1260 1598 1326 conferimus
1645 1264 1710 1326 et
1754 1260 2077 1326 donamus.
2146 1260 2243 1326 Ea
2290 1255 2664 1340 conditione,
2711 1264 2783 1323 ut
2826 1258 2984 1323 dum

590 1382 773 1444 unuS,
821 1364 947 1429 duo
991 1366 1107 1431 vel·
1136 1365 1351 1448 plures
1396 1365 1477 1431 de
1522 1365 1806 1448 praefato
1853 1364 2137 1447 Collegio
2185 1363 2394 1430 Caroli
2452 1362 2817 1448 hujusmodi
2881 1383 2985 1428 ca-

592 1470 923 1535 nonicatus
992 1474 1057 1535 et
1121 1470 1516 1554 praebendas
1610 1470 1888 1535 assecuti
1949 1469 2205 1551 fuerint,
2276 1487 2420 1534 mox
2479 1468 2642 1534 alius
2702 1486 2815 1533 seu
2878 1468 2991 1537 alii

599 1571 987 1639 sufficientes
1033 1578 1099 1638 et
1140 1574 1355 1641 idonei
1400 1575 1467 1640 in
1526 1575 1735 1640 locum
1779 1575 2033 1640 illorum
2092 1575 2331 1640 assumi
2392 1574 2681 1652 debeant,
2741 1575 2815 1636 ut
2876 1591 2990 1637 nu-

592 1695 804 1742 merus
848 1677 1293 1760 magistrorum
1354 1683 1420 1745 et
1464 1679 1853 1745 studentium
1921 1679 2075 1745 dicti
2122 1679 2388 1761 Collegii
2447 1679 2512 1743 in
2574 1695 2689 1743 sua
2735 1695 2994 1759 semper

594 1781 958 1864 integritate
1005 1783 1298 1849 continuo
1344 1787 1725 1866 perseveret.
1772 1782 2084 1848 Volumus
2131 1783 2340 1863 etiam,
2386 1781 2556 1864 quod
2602 1780 2811 1847 nullus
2854 1781 2990 1845 dic-

590 1889 798 1951 torum
843 1887 1285 1954 canonicorum
1330 1906 1408 1953 ex
1453 1893 1604 1953 tunc
1635 1889 1701 1953 in
1733 1892 1919 1953 antea
1950 1887 2279 1967 reditibus,
2313 1886 2624 1952 fructibus
2657 1891 2721 1951 et
2751 1885 2991 1951 obven-

588 1990 867 2057 tionibus
913 2009 1068 2057 suae
1116 1991 1519 2075 praebendae
1563 1991 1857 2074 gaudeat,
1923 1991 2047 2057 nisi
2090 2009 2393 2074 praesens
2453 1996 2519 2056 et
2576 1995 2721 2055 actu
2765 1989 2991 2071 legens

593 2095 924 2177 exstiterit,
986 2095 1137 2162 dum
1185 2100 1398 2161 tamen
1466 2093 1832 2162 infirmitate
1882 2096 2147 2163 notabili
2206 2100 2319 2161 aut
2377 2095 2553 2160 senio
2610 2113 2736 2160 non
2791 2093 2994 2159 fuerit

589 2198 967 2283 impeditus3
1013 2201 1079 2266 in
1108 2201 1338 2284 quibus
1385 2202 1639 2268 casibus
1686 2200 2140 2267 deliberatione
2183 2200 2361 2282 regia
2404 2197 2755 2274 infirmitati
2809 2217 2991 2263 com-

590 2304 902 2386 patientes
948 2304 1285 2387 humanae,
1331 2307 1506 2389 ipsos
1550 2304 1863 2371 fructibus
1909 2308 1974 2370 et
2017 2303 2428 2386 proventibus
2472 2303 2991 2387 praebendarum

593 2427 851 2475 suarum
895 2410 1137 2495 absque
1181 2410 1634 2495 impedimento
1680 2409 1958 2491 gaudere
2023 2409 2314 2474 volumus
2368 2414 2434 2474 et
2475 2409 2684 2491 potiri.
2747 2407 2990 2474 Decer-

586 2517 810 2579 nentes
868 2518 933 2579 et
990 2514 1112 2580 hoc
1169 2516 1346 2597 regio
1407 2513 1710 2580 Boemiae
1768 2517 2119 2580 statuentes
2183 2513 2412 2594 edict0,
2474 2514 2644 2596 quod
2709 2513 2989 2596 praefati

587 2617 873 2684 canonici
917 2619 1186 2702 singulis
1233 2619 1460 2686 diebus
1506 2619 1843 2684 dominicis
1889 2623 1952 2684 et
1996 2618 2245 2685 festivis
2292 2618 2681 2702 processioni
2713 2617 2984 2698 solenni,

585 2723 922 2789 missarum
967 2728 1034 2790 et
1075 2742 1488 2807 vesperarum
1532 2722 1765 2789 officiis
1809 2725 2117 2790 interesse
2161 2723 2450 2804 debeant,
2511 2723 2773 2807 privatis
2828 2741 2987 2788 vero

588 2826 812 2894 diebus
857 2828 1060 2894 solum
1104 2829 1281 2911 ipsos
1327 2829 1717 2894 solemnitati
1760 2829 1995 2894 missae
2023 2827 2281 2913 majoris
2309 2829 2620 2894 interesse
2658 2827 2981 2906 volumuS,

582 2935 655 2996 ut
698 2950 772 2997 eo
819 2932 1208 2999 commodius
1252 2932 1579 2999 intendere
1625 2933 1879 2999 valeant
1922 2951 2138 2998 eorum
2185 2932 2413 2997 studiis
2458 2937 2523 2997 et
2565 2932 2843 2997 lecturis.

793 3036 969 3103 Nulli
1013 3053 1164 3120 ergo
1212 3039 1462 3103 omnino
1495 3038 1818 3102 hominum
1848 3037 2039 3102 liceat
2069 3037 2230 3102 hanc
2264 3035 2535 3105 Nostrae
2564 3035 2981 3116 fundationis,

590 3141 1087 3222 instaurationis
1138 3140 1500 3222 dotationiS,
1549 3142 1925 3222 donationis,
1975 3141 2345 3222 collationiS,
2415 3141 2655 3207 decreti
2707 3145 2773 3205 et
2812 3141 2985 3207 inhi-

581 3245 840 3312 bitionis
885 3246 1182 3328 paginam
1242 3245 1605 3328 infringere,
1668 3264 1783 3312 seu
1845 3246 1904 3310 ei
1964 3247 2187 3328 quovis
2232 3264 2393 3312 ausu
2450 3245 2783 3310 temerario
2830 3263 2983 3310 con-

580 3349 793 3430 traire,
863 3350 978 3416 sub
1037 3366 1242 3431 poena
1300 3350 1474 3415 mille
1532 3369 1886 3415 marcarum
1938 3351 2076 3416 auri
2123 3351 2465 3434 purissimi,
2538 3367 2695 3434 quas
2743 3348 2829 3414 ab
2881 3368 2978 3428 eo,

582 3455 694 3536 qui
759 3452 1215 3534 contrafecerit,
1284 3454 1477 3519 toties
1537 3454 1786 3535 quoties
1854 3457 2304 3521 contrafactum
2362 3455 2571 3536 fuerit,
2635 3453 2980 3519 irremissi-

575 3558 792 3625 biliter
835 3558 1003 3640 exigi
1046 3559 1340 3625 volumus
1388 3562 1453 3623 et
1489 3577 1707 3623 earum
1738 3559 2144 3626 medietatem
2188 3560 2421 3642 regalis
2463 3556 2600 3624 fisci
2644 3557 2970 3637 Boemiae,

579 3662 899 3729 residuam
941 3679 1091 3728 vero
1138 3666 1392 3744 partem
1422 3663 1736 3745 ,injuriam
1780 3682 2112 3744 passorum
2158 3665 2377 3730 usibus
2423 3662 2745 3746 applicari.

786 3767 1077 3850 (Signum
1156 3767 1547 3831 serenissimi
1621 3766 1926 3850 principis
1988 3772 2054 3832 et
2126 3769 2363 3834 domini
2451 3767 2686 3832 domini
2762 3766 2980 3832 Caroli

579 3870 806 3954 quarti,
849 3871 1277 3936 Romanorum
1326 3870 1726 3952 imperatoris
1775 3870 2173 3937 invictissimi
2222 3876 2287 3937 et
2329 3870 2765 3952 gloriosissimi
2814 3869 2979 3935 Boe-

579 3976 744 4040 miae
788 3975 1006 4057 regis)

782 4079 1220 4144 Praesentium
1269 4079 1388 4145 sub
1435 4079 1758 4163 imperalis
1802 4079 2075 4145 Nostrae
2118 4078 2475 4162 Majestatis
2523 4078 2729 4160 sigillo
2791 4081 2974 4144 testi-

577 4184 786 4249 monio
830 4183 1203 4249 litterarum.

783 4288 1018 4353 Datum
1061 4288 1326 4370 Pragae,
1373 4306 1540 4354 anno
1581 4288 1835 4353 Domini
1889 4288 2226 4354 Millesimo
2288 4289 2731 4355 trecentesimo
2793 4307 2972 4355 sexa-

574 4393 817 4473 gesimo
863 4396 1059 4472 sexto,
1106 4392 1462 4458 Indictione
1506 4397 1749 4475 quarta,
1796 4393 1907 4457 ΠΙ.
1945 4392 2268 4459 Kalendas
2299 4394 2590 4475 Augusti,
2632 4413 2965 4474 regnorum
