3225 5017
275 342 326 390 344
603 337 668 404 cap.
686 334 746 387 XII.
771 336 879 390 Stratus
897 339 924 388 et
942 333 1138 388 commercium.

274 528 402 610 poribus
426 528 593 608 celebrata,
615 546 672 592 nos
696 527 894 592 statuimus.
920 577 926 591 .
952 577 959 606 ,
983 530 1139 609 quatenus
1161 525 1341 610 hujusmodi
1369 525 1467 609 depo-

273 633 346 698 sitio
369 633 489 698 eisdem
511 650 598 698 more
620 636 652 698 et
675 632 912 712 consuetudine,
936 630 1018 696 sicut
1039 631 1149 697 habita
1171 635 1221 696 est
1250 629 1402 698 hactenus
1431 632 1467 694 in

232 813 236 823 Ι
272 736 357 801 dicta
380 737 517 815 civitate,
540 736 702 819 perpetuis
724 735 853 800 inantea
878 735 1073 817 temporibus
1103 734 1297 813 observetur,
1331 738 1363 799 et
1394 752 1467 816 spe-

274 841 406 922 cialiter,
429 845 466 904 ut
479 845 671 906 mercatores
695 839 921 905 cracovienses
943 857 1065 904 merces
1080 857 1154 904 suas
1170 843 1203 905 et
1217 858 1267 905 res
1283 837 1468 918 vendibiles,

274 963 353 1027 quas
376 944 542 1027 adipeam
565 944 724 1009 civitatem
747 944 945 1024 adduxerint,
975 943 1093 1009 ibidem
1123 944 1260 1010 vendere
1289 947 1467 1022 teneantur,

273 1053 306 1114 et
327 1050 412 1131 quod
434 1053 523 1115 extra
545 1053 577 1113 et
598 1049 639 1114 ad
659 1054 778 1114 terram
799 1047 950 1114 Nostram
972 1047 1134 1113 Moraviae
1158 1049 1236 1114 viae'
1261 1066 1317 1114 seu
1347 1052 1468 1114 stratae

272 1155 418 1237 publicae
440 1155 615 1236 antiquitus
638 1155 783 1234 usitatae,
808 1171 866 1236 per
888 1153 1003 1218 dictam
1033 1153 1193 1218 civitatem
1224 1151 1468 1218 Olomuceusem

272 1258 312 1322 ab
335 1259 478 1324 omnibus
502 1262 534 1325 et
556 1259 689 1340 singulis
711 1258 769 1324 sub
792 1258 995 1323 ammissione
1017 1277 1132 1338 rerum,
1149 1276 1227 1340 quas
1243 1257 1398 1338 duxerint,
1424 1257 1466 1322 de

273 1367 398 1428 caetero
418 1363 555 1429 debeant
575 1362 778 1444 frequentari.
843 1377 925 1447 (oria.
945 1378 993 1430 etv.
1012 1378 1093 1430 orma.
1112 1409 1146 1416 -
1163 1379 1271 1432 Breues
1293 1379 1364 1432 VIII.
1384 1380 1435 1444 es.)

377 1500 1355 1584 14.StratapublicaversusBudamUngaricam.
1371 1501 1466 1567 1336.

374 1605 534 1689 (Karalus,
557 1624 614 1669 rex
635 1604 827 1686 Hungariae,
851 1606 1078 1671 mercatoribus
1106 1607 1146 1671 de
1168 1606 1298 1673 Boemie
1321 1607 1354 1672 iu
1377 1605 1468 1670 Hun-

271 1709 392 1790 gariam
414 1709 562 1774 euntibus
585 1710 653 1774 vias
676 1726 734 1774 seu
756 1713 873 1774 stratas
893 1710 1035 1792 publicas
1052 1710 1206 1792 designat,
1227 1711 1416 1792 teloneaque
1434 1711 1469 1774 in

272 1814 318 1878 eis
341 1813 491 1878 solvenda
513 1814 648 1892 statuit.)
671 1852 713 1860 -
744 1811 973 1895 significamus,
1001 1815 1104 1898 „quod
1127 1834 1197 1879 cum
1220 1816 1272 1880 via
1289 1831 1345 1880 scu
1368 1818 1469 1879 strata

229 1906 232 1913 ’
270 1919 398 1999 publica
419 1923 630 1984 mercatorum
651 1919 725 1984 binc
751 1939 770 1984 a
792 1918 909 1984 Nostro
942 1938 1039 2001 regno
1069 1921 1102 1984 in
1134 1918 1318 1985 Bobemiam
1349 1923 1381 1984 et
1402 1918 1469 1983 alia

272 2024 434 2089 convicina
456 2043 553 2106 regna
574 2025 806 2089 transeuntium
830 2027 902 2089 ete
929 2041 1081 2088 converso
1104 2043 1123 2087 a
1145 2023 1298 2089 Bohemia
1332 2027 1364 2088 et
1393 2021 1467 2087 aliis

271 2128 384 2192 vicinis
405 2129 511 2211 regnis
534 2130 566 2193 in
589 2130 786 2211 praedictum
809 2147 941 2210 regnum
962 2126 1113 2192 Nostrum
1136 2147 1206 2192 cum
1230 2127 1296 2192 suis
1319 2128 1414 2194 rebus
1436 2131 1469 2191 et

269 2233 362 2299 bonis
384 2234 670 2300 mercimonialibus
693 2235 887 2299 venientium
909 2253 929 2297 a
950 2233 1145 2313 temporibus
1168 2233 1327 2314 guerrosie
1350 2235 1383 2297 et
1405 2233 1466 2295 im-

250 2338 393 2418 pacatis
416 2342 544 2420 propter
565 2337 803 2404 malefactorum
825 2338 988 2403 hominum
1010 2337 1143 2402 insidias
1167 2341 1199 2402 et
1219 2337 1376 2403 indebitas
1393 2355 1467 2401 exa-

271 2419 602 2507 ctiones'tributorum
624 2442 691 2508 fere
713 2443 866 2507 hactenus
890 2445 922 2506 et
945 2441 1140 2524 usquemodo
1164 2441 1289 2506 disueta
1319 2440 1465 2521 fuissent,

270 2544 408 2626 Nosque,
443 2548 536 2626 prout
565 2545 768 2610 incumbebat
800 2543 904 2610 officio
936 2527 1028 2611 nobis'
1063 2545 1215 2611 divinitus
1242 2545 1370 2624 credito,
1408 2563 1466 2628 pro

270 2647 474 2713 commodiori
490 2653 522 2712 et
535 2649 747 2731 tranquilliori
762 2651 898 2714 transitu
914 2651 1084 2716 eorundem
1099 2651 1182 2714 inter
1194 2655 1318 2715 caetera
1329 2649 1468 2715 Nostrae

270 2752 530 2819 considerationis
554 2753 693 2818 animum
716 2753 757 2818 ad
778 2754 1013 2819 reformandum
1034 2759 1066 2819 et
1087 2755 1329 2820 restaurandum
1343 2754 1466 2835 eadem,

271 2858 452 2938 specialiter
466 2858 542 2924 dum
556 2858 680 2940 pridem
695 2877 757 2923 una
773 2877 845 2923 cum
863 2895 907 2904 —-
922 2895 963 2903 -
978 2859 1120 2940 principe
1136 2857 1164 2922 d.
1181 2857 1202 2922 J
1204 2858 1334 2940 ohanne,
1358 2898 1401 2906 -
1424 2898 1468 2905 —

269 2961 385 3025 illustri
408 2961 619 3027 Bohemorum
647 2981 732 3043 rege,
762 2960 860 3028 fratre
882 2962 998 3028 Nostro
1031 2962 1203 3043 carissimo,
1234 2964 1467 3045 parlamentum

268 3065 445 3146 habuimus,
469 3071 638 3131 tractatum
661 3067 832 3148 specialem
855 3067 938 3132 circa
960 3067 1135 3149 praemissa
1163 3066 1307 3132 babendo
1341 3068 1463 3133 studio-

271 3169 336 3233 sius
356 3171 603 3252 divertissemus,
623 3171 752 3236 tandem
768 3172 865 3236 etiam
880 3170 1070 3236 utilitatibus
1082 3174 1287 3254 utrorumque
1297 3191 1467 3254 regnorum

269 3274 485 3354 consideratis,
509 3296 572 3340 una
595 3297 666 3342 cum
688 3277 840 3358 praelatis
863 3281 896 3342 et
917 3277 1005 3359 regni
1027 3276 1135 3342 Nostri
1150 3276 1320 3342 baronibus
1340 3281 1467 3342 matura

268 3379 496 3445 deliberatione
517 3380 626 3446 habita
650 3386 681 3445 et
703 3381 743 3446 de
767 3382 898 3447 consilio
921 3381 1103 3446 eorumdem
1125 3401 1182 3463 pro
1207 3381 1327 3446 eisdem
1344 3401 1465 3447 merca-

267 3485 391 3550 toribus
414 3488 479 3548 tam
502 3484 610 3549 Nostri
640 3505 736 3567 quam
765 3485 937 3552 Bobemiae
967 3491 999 3551 et
1028 3487 1162 3551 aliorum
1193 3485 1387 3551 vicionorum
1416 3505 1466 3550 re-

268 3609 401 3671 gnorum
430 3589 499 3653 vias
530 3593 562 3654 et
591 3593 707 3654 stratas
737 3589 956 3672 infrascriptos
987 3589 1130 3672 publicas
1160 3588 1228 3655 fore
1258 3588 1406 3670 girandas
1433 3595 1467 3654 et

269 3694 533 3776 perambulandas
557 3712 593 3758 ac
616 3693 733 3758 tributa
756 3696 789 3758 in
812 3695 891 3758 locis
914 3698 947 3759 et
967 3694 1069 3759 modis
1091 3693 1222 3759 inferius
1252 3693 1466 3776 exprimendis

269 3798 424 3879 exigenda
446 3798 592 3863 duximus
616 3801 711 3880 atque
734 3799 918 3879 ordinanda,
942 3799 1106 3863 videlicet:
1143 3797 1179 3861 In
1202 3798 1303 3880 primo
1333 3798 1465 3863 introitu

269 3902 310 3967 ad
332 3906 434 3967 metas
461 3903 550 3983 regni
572 3901 756 3983 Hungariae
782 3904 815 3967 in
845 3903 948 3968 Alba
976 3902 1171 3967 Ecclesia
1199 3902 1250 3967 vel
1280 3903 1313 3968 in
1341 3903 1466 3984 vulgari

269 4005 445 4088 Wibars)
468 4007 630 4072 nominata
652 4006 768 4073 debeat
791 4007 872 4072 solvi
895 4008 1107 4090 octuagesima
1129 4006 1277 4073 derebus
1299 4009 1465 4074 mercimo-

268 4111 414 4177 nialibus.
446 4113 527 4176 Item
550 4112 665 4177 abinde
687 4114 756 4178 sive
778 4113 812 4176 in
835 4111 1021 4179 Saasvar
1043 4113 1110 4177 sive
1132 4113 1167 4176 in
1189 4110 1397 4194 Stinchei)
1425 4113 1465 4178 de

270 4216 411 4297 quolibet
426 4235 519 4280 curru
535 4218 771 4298 mercimoniali,
797 4218 852 4298 qui
867 4217 1040 4300 vulgariter
1055 4217 1172 4281 dicitur
1190 4236 1235 4280 ru
1245 4216 1326 4298 das,
1350 4217 1465 4282 debeat

375 4408 393 4473 ¹)
412 4405 507 4472 Ujvar-
526 4405 613 4460 Holid.
646 4408 665 4474 ²)
684 4408 786 4461 Saevar
805 4421 823 4460 s
841 4407 955 4461 Stenice.
