3225 5017
370 279 435 352 Cap.
453 281 474 335 L
492 281 548 336 Res
566 280 602 335 ad
618 282 696 351 regni
715 280 982 337 administrationem
1001 286 1167 351 spectantes.
1350 272 1378 339 δ’
1413 272 1414 275 “
1441 338 1465 357 ,,
1560 352 1572 383 ⁴

169 460 339 559 providere
370 481 404 542 et
433 477 587 560 (talem)
619 475 815 542 constituere
841 475 961 541 ibidem
983 476 1052 542 vice
1074 475 1201 556 Nostra,
1236 478 1291 559 qui
1313 477 1368 544 ab·

169 582 293 648 sentiae
308 582 446 647 Nostrae
461 581 621 646 delectum
636 582 786 663 suppleat
801 586 836 646 01
850 599 1020 663 personam
1035 580 1187 648 Nostram
1201 582 1367 647 veraciter.
1443 622 1445 627 -
1490 610 1492 615 ·
1529 560 1594 673 *j'f'aff

272 687 309 768 a)
339 686 389 750 De
416 687 482 751 tuis
511 686 619 767 itaque
649 681 813 750 fidelitatis
844 686 1021 752 constantia
1051 690 1084 750 01
1111 687 1368 771 praesumptione

169 789 280 856 confisi
309 795 342 855 01
370 791 404 855 in
426 794 517 871 parte
546 788 735 853 Nostramm
762 789 1010 855 sollicitudinum
1031 794 1065 855 te
1085 796 1245 873 vocantes,
1276 810 1368 875 prae·
1465 864 1466 867 Ἴ
1513 864 1515 867 ,
1544 776 1576 815 *

166 894 269 961 fatum
300 912 432 977 regnum
460 893 612 959 Nostrum
646 897 831 976 ceterasque
860 897 963 960 terras
993 895 1199 961 dominationi
1231 895 1367 962 Nostrae
1479 878 1491 901 ⁴

167 1000 362 1083 suppositas,
396 1015 566 1081 omnesque
592 997 742 1090 civitates
771 1000 923 1082 ipsarum,
955 998 1119 1065 districtus
1142 1000 1265 1066 011001
1295 1019 1367 1067 cum

167 1103 314 1169 omnibus
337 1104 404 1168 suis
425 1103 635 1185 pertinentiis,
666 1121 782 1184 0011111,
814 1105 1071 1187 gubernationem
1093 1109 1126 1170 01
1146 1106 1286 1189 regimen
1307 1105 1367 1172 tibi
1414 1122 1440 1167 A
1479 1164 1480 1169 ,

166 1209 333 1291 usquead
353 1207 587 1290 beneplacitum
609 1207 760 1273 Nostrum
782 1209 1007 1275 committimus
1034 1210 1175 1291 plenarie
1196 1228 1254 1293 per
1274 1229 1366 1293 prae·
1420 1240 1421 1243 ¹
1452 1226 1453 1229 ’

167 1317 283 1392 sentes,
307 1310 341 1396 b)
357 1313 465 1395 Teque
485 1312 519 1377 iu
541 1330 579 1376 00
601 1312 688 1376 etin
710 1312 757 1377 eis
780 1316 814 1375 01
835 1328 945 1378 eorum
966 1312 1107 1395 quolibet
1128 1314 1274 1395 ponimus
1295 1315 1365 1380 1000
1435 1322 1440 1335 ’

165 1416 286 1497 Nostri,
327 1418 439 1485 dautes
472 1420 505 1481 01
538 1415 745 1495 00ηο0101100
777 1416 837 1481 tibi
874 1417 907 1481 in
941 1417 987 1481 eis
1020 1434 1115 1498 posse
1147 1418 1365 1501 plenissimum

166 1541 240 1587 cum
263 1522 441 1587 omnimoda
463 1526 496 1585 et
516 1521 701 1603 plenissima
718 1520 940 1603 jurisdictione
961 1538 999 1585 ac
1021 1539 1107 1587 mero
1130 1540 1168 1587 ac
1189 1522 1287 1587 mixto
1306 1524 1364 1588 im-

67 1648 72 1660 *
164 1628 255 1709 perio
279 1632 311 1691 01
332 1627 430 1708 gladii
452 1630 611 1709 potestate
628 1627 662 1693 in
676 1624 877 1691 facinorosos.
886 1628 919 1689 01
933 1624 1034 1690 malos
1056 1629 1090 1689 01
1103 1626 1261 1708 quoslibet
1274 1626 1363 1709 alios,

163 1732 290 1815 quoties
312 1732 377 1797 sint
405 1737 438 1796 et
467 1729 594 1815 quaudo
623 1730 682 1796 tibi
704 1729 869 1812 placuerit,
896 1747 954 1811 per
974 1733 1007 1794 10
1029 1734 1062 1794 01
1084 1730 1163 1795 alios
1187 1732 1362 1799 exercendi.

163 1836 195 1921 0)
214 1835 413 1919 Capitoneos,
444 1835 643 1915 cameramos,
666 1834 799 1915 villicos,
829 1837 978 1913 rectores,
1006 1834 1193 1901 castellanos
1216 1840 1249 1901 01
1268 1835 1363 1919 burg-
1467 1862 1468 1865 ¹
1495 1848 1496 1851 ’
1543 1794 1577 1919 cf

164 1942 293 2024 gravies
316 1945 500 2019 castrorum,
527 1940 662 2022 judices,
688 1941 822 2021 iuratos,
853 1937 998 2004 consules
1028 1955 1086 2003 seu
1117 1939 1262 2006 scabinos
1286 1942 1362 2007 civi-
1470 1998 1471 2001 ,

1558 2032 1577 2069 5¹*

163 2052 277 2126 tatum,
307 2051 493 2127 ceterosque
523 2041 675 2109 officiales
704 2043 852 2125 ponendi,
886 2043 1061 2123 ordinandi,
1095 2044 1241 2126 eligendi,
1272 2046 1362 2112 insti-

162 2151 285 2230 tuendi,
323 2148 525 2228 destituendi,
562 2146 744 2212 removendi
781 2151 814 2211 01
850 2147 1006 2228 cassandi,
1041 2149 1138 2213 semel
1175 2154 1207 2215 et
1243 2151 1362 2232 pluries

164 2254 339 2337 deputandi
371 2258 403 2318 et
431 2252 610 2333 revocandi,
644 2256 739 2335 prout
771 2255 804 2316 01
836 2253 920 2318 sicut
951 2252 1010 2318 tibi
1039 2254 1202 2335 placuerit,
1217 2304 1220 2312 .
1236 2256 1361 2336 plenam

162 2361 224 2425 tibi
245 2364 355 2423 tenore
376 2359 591 2440 praesentium
612 2356 814 2422 concedimus
836 2355 1027 2423 facultatem.
1069 2356 1106 2439 d)
1130 2358 1306 2423 Proventus
1328 2364 1361 2424 et

163 2464 308 2529 redditus
331 2481 439 2528 omnes
453 2463 543 2544 regni
555 2460 720 2544 praedicti
742 2464 775 2525 01
793 2460 932 2526 omnium
947 2462 1181 2543 praedictorum
1203 2467 1236 2526 01
1257 2464 1361 2528 omnia

164 2568 290 2649 singula
320 2567 361 2632 ad
383 2566 533 2631 Nostram
546 2561 548 2566 ’
563 2583 720 2631 cameram
749 2583 948 2647 quocumque
977 2564 1070 2630 modo
1100 2567 1290 2647 pertinentia
1318 2568 1359 2631 ad

164 2678 254 2738 tuam
275 2672 504 2737 ordinationem
530 2674 563 2734 01
585 2669 823 2751 dispositionem
845 2670 990 2735 volumus
1011 2670 1178 2751 pertinere,
1207 2672 1253 2734 ita
1275 2671 1359 2752 quod

163 2777 237 2842 illos
251 2781 284 2840 01
298 2777 353 2840 1111
376 2779 568 2856 convertere,
592 2774 770 2856 expendere
785 2778 818 2838 01
833 2772 1023 2839 distribuere
1045 2792 1083 2838 ac
1098 2792 1229 2855 erogare
1243 2775 1357 2856 possis,

163 2884 259 2963 prout
289 2881 330 2944 de
350 2884 407 2952 tua
434 2878 627 2961 processerit
650 2877 822 2942 voluntate.
872 2876 903 2961 c)
927 2876 1111 2942 Fidelitates
1133 2881 1297 2959 praeterea
1327 2883 1360 2943 01

164 2986 298 3067 omagia,
317 2986 498 3067 juramenta
512 2986 545 3047 01
558 2981 770 3048 obedientiam
792 3000 813 3046 a
834 2981 1073 3065 quibuscunque
1086 2984 1229 3064 personis
1242 2982 1357 3049 Nostro

163 3077 290 3155 nomino
310 3090 452 3171 recipere
467 3088 579 3170 possis.
597 3087 636 3173 f)
652 3085 696 3152 Et
709 3087 839 3170 antiqua
852 3085 947 3153 feoda
962 3084 1153 3168 confirmare,
1177 3088 1357 3169 concedere,

165 3200 196 3259 01
218 3195 434 3260 ecclesiastica
455 3190 609 3258 beneficia
631 3196 663 3257 01
685 3192 866 3274 dignitates
890 3210 1022 3275 quorum
1041 3192 1163 3273 electio,
1186 3193 1357 3259 nominatio

164 3319 220 3365 seu
236 3298 449 3382 praesentatio
465 3298 506 3363 ad
521 3296 588 3363 Nos
602 3297 749 3380 pertinet,
764 3297 983 3380 quoquomodo
998 3296 1146 3361 conferre.
1162 3296 1197 3382 q)
1214 3297 1358 3380 Denique

165 3423 236 3470 cum
258 3404 508 3487 quibuscumque
528 3402 657 3484 regibus
672 3406 704 3467 01
718 3402 923 3485 principibus,
947 3402 1089 3482 ducibus,
1113 3402 1356 3483 marchionibus,

68 3578 71 3583 ,
164 3508 324 3591 praelatis,
358 3507 502 3587 dominis,
539 3507 719 3588 baronibus,
756 3507 1043 3587 communitatibus,
1077 3506 1180 3586 terris,
1215 3506 1293 3571 locis
1325 3512 1357 3572 et

164 3614 236 3679 aliis
273 3612 524 3695 quibuscumque
558 3612 702 3693 personis
739 3612 971 3692 conventiones,
1009 3611 1181 3693 pactiones,
1218 3609 1354 3692 foedera,

164 3717 255 3799 ligas,
278 3715 470 3797 concordias,
491 3719 621 3798 treugas
643 3719 676 3781 01
690 3734 786 3799 paces
809 3720 842 3780 et
862 3716 1087 3799 promissiones
1102 3719 1135 3779 et
1148 3714 1355 3797 obligationes

163 3820 277 3902 facere,
309 3820 399 3902 inire,
433 3820 618 3886 contrahere
649 3825 682 3886 01
714 3819 898 3888 confirmare
928 3824 961 3887 01
989 3820 1149 3904 quaelibet
1176 3821 1355 3904 juramenta

164 3930 334 4008 praestare.
365 3925 400 4011 b)
418 3923 462 3991 Et
476 3924 572 3990 etiam
594 3927 622 3991 si
644 3944 724 4009 opus
745 3925 851 4008 luerit,
873 3927 990 3993 bellum
1011 3926 1159 4007 indicere,
1183 3926 1355 3992 exercitum

166 4035 197 4095 et
218 4048 365 4113 guerram
385 4046 512 4095 11101010
534 4035 567 4094 01
587 4028 701 4111 facere,
724 4036 880 4113 quatenus
901 4031 1102 4097 introducere
1116 4030 1223 4097 valeas
1237 4031 1354 4097 bonum

164 4136 253 4217 pacis
282 4140 315 4199 et
344 4135 443 4200 libere
464 4135 578 4216 possis,
608 4136 782 4218 plenariam
802 4138 899 4202 etiam
922 4137 1123 4202 concedimus
1152 4139 1350 4219 potestatem.

165 4239 193 4323 i)
208 4240 251 4305 llt
265 4239 463 4321 generaliter,
485 4240 592 4304 omnia
606 4242 639 4304 01
652 4239 785 4322 singula,
801 4258 883 4323 quae
898 4241 964 4307 Nos
982 4242 1044 4324 ipsi
1059 4240 1163 4307 facere
1177 4258 1352 4323 possemus,

166 4362 220 4425 per
246 4343 446 4410 1010111110
476 4349 508 4409 01
536 4343 733 4410 decernimus
755 4363 850 4428 posse
872 4343 941 4411 fieri
971 4350 1003 4411 01
1031 4350 1063 4411 10
1092 4347 1125 4411 in
1147 4345 1290 4411 omnibus
1320 4350 1353 4411 et

348 4467 350 4470 .
1197 4447 1228 4500 1*
