3225 5017
530 333 596 404 Gap.
614 333 660 389 VI.
678 332 733 389 Res
751 335 911 388 monetaria.
1078 403 1082 411 „
1266 338 1316 386 167

119 531 190 592 tam
208 501 252 591 'in
278 525 472 592 ballensibus
503 545 598 609 quam
626 527 660 591 in
690 527 819 610 grossis,
849 528 1003 592 hactenus
1032 544 1135 608 usque
1167 543 1317 608 praesens

121 631 291 697 universus
313 633 449 713 populus
464 631 580 700 Noster
595 633 761 716 subjacuit,
778 635 931 715 quantum
946 630 1129 697 Altissimus
1145 630 1318 696 concedere

121 735 282 817 dignatur,
302 736 444 802 volentes
460 737 581 817 tollere,
607 741 640 802 et
661 737 798 820 desuper
819 736 922 803 felicis
943 736 1170 801 recordationis
1184 734 1318 799 illustris

119 840 282 922 quondam
304 839 458 906 lobannis
480 843 564 923 regis
588 841 759 908 Bohemiae
789 842 941 924 genitoris
971 845 1004 906 et
1025 841 1077 906 avi
1098 840 1198 905 nostri
1221 839 1318 907 caris-

119 944 197 1008 simi
219 945 379 1027 sequendo
400 947 536 1028 vestigia
558 945 687 1012 realiter
715 947 891 1029 providere,
922 946 1026 1011 animo
1049 945 1232 1023 deliberato,
1255 961 1318 1007 non

119 1067 183 1131 per
205 1068 343 1115 errorem
365 1054 421 1116 aut
442 1050 627 1134 improvide,
651 1053 708 1116 sed
731 1070 803 1116 cum
825 1052 902 1117 dicti
917 1051 1006 1133 regni
1024 1050 1132 1115 Nostri
1147 1048 1319 1113 Bohemiae

119 1154 321 1236 principibus
343 1158 439 1237 atque
460 1155 628 1235 nobilibus,
651 1157 769 1220 nostris
792 1153 939 1222 fidelibus
959 1158 991 1219 et
1006 1155 1151 1234 subditis,
1174 1152 1318 1235 pluribus

120 1258 264 1323 consiliis
287 1259 431 1341 repetitis
454 1264 487 1325 et
507 1259 634 1340 habitis,
658 1260 699 1325 de
721 1265 808 1326 certa
830 1260 972 1340 scientia,
996 1256 1318 1342 superordinatione,

120 1361 332 1444 dispositione
351 1368 384 1428 et
398 1364 619 1430 observatione
633 1369 779 1430 monetae
792 1363 910 1446 regalis
924 1363 1106 1446 hujusmodi
1121 1351 1319 1427 decernimus

120 1470 157 1531 et
179 1467 359 1548 statuimus,
383 1487 421 1533 ac
443 1469 603 1551 praesenti
626 1487 683 1551 pro
705 1467 814 1549 Nobis,
836 1468 1007 1534 heredibus
1030 1472 1063 1532 ct
1084 1465 1321 1559 successoribus

119 1569 260 1652 Nostris,
282 1569 454 1637 Bohemiae
475 1573 613 1654 regibus,
636 1572 887 1638 inevocabiliter
905 1577 1059 1654 perpetue
1081 1571 1216 1635 valituro
1247 1588 1319 1635 san-

120 1675 226 1740 cimus
251 1675 365 1757 edicto,
381 1677 466 1758 quod
482 1696 603 1742 exnunc
618 1677 745 1743 inantea
759 1678 912 1758 magister
927 1680 1073 1742 monetae
1085 1675 1203 1758 regalis
1216 1675 1321 1741 Bohe-

120 1779 209 1844 miae
225 1780 279 1863 qui
295 1784 345 1845 est
360 1784 394 1846 et
407 1799 464 1864 pro
475 1785 618 1864 tempore
640 1787 794 1865 perpetuo
809 1782 914 1862 luerit,
937 1783 970 1846 in
985 1780 1139 1847 cudendis
1153 1781 1272 1863 grossis
1287 1783 1321 1844 et

120 1882 321 1950 ballensibus
344 1885 555 1969 subscliptam
577 1887 827 1969 dispositionem,
849 1886 978 1951 modum
996 1892 1029 1952 et
1042 1887 1186 1952 ordinem
1207 1886 1319 1951 immu-

121 1987 269 2052 tabiliter
290 1989 450 2055 tenebitur
472 1990 656 2055 observare:

229 2091 387 2159 Videlicet
408 2094 450 2159 ad
472 2099 598 2159 centum
620 2111 743 2160 marcas
766 2092 889 2175 argenti
911 2094 982 2176 puri
1005 2093 1172 2161 duodecim
1193 2113 1319 2159 marcae

120 2195 163 2260 de
188 2215 294 2279 cupro,
318 2203 351 2264 et
372 2217 435 2264 non
456 2200 538 2281 plus,
564 2198 825 2282 superaddantur.

230 2303 273 2368 Et
295 2321 335 2368 ex
356 2303 537 2387 hujusmodi
559 2305 690 2386 argento
713 2304 815 2385 grossi
830 2302 1006 2386 Pragcnses
1025 2304 1182 2370 cudentur
1203 2321 1242 2368 ea
1263 2303 1319 2368 bo-
1376 2337 1380 2355 ι

119 2407 236 2487 nitate,
266 2425 364 2489 grano
395 2409 462 2474 slve
496 2426 592 2473 coneo
627 2412 660 2474 et
691 2408 840 2491 pondere,
874 2412 910 2473 ut
942 2408 1091 2473 videlicet
1120 2407 1320 2491 septuaginta

119 2513 228 2594 grossi
259 2531 355 2579 unam
381 2531 519 2579 marcam
547 2512 670 2595 argenti
699 2513 834 2594 legalem
864 2513 1033 2578 observent
1061 2517 1094 2578 et
1122 2513 1260 2579 habeant
1287 2513 1321 2577 in

119 2616 248 2699 argenti
269 2617 409 2698 pondere
432 2621 466 2682 et
487 2618 583 2684 etiam
604 2618 755 2684 bonitate.

231 2719 382 2788 Similiter
410 2721 570 2788 hallenses
600 2742 638 2788 ea
665 2723 807 2789 bonitate
838 2721 993 2786 cudantur
1022 2723 1154 2804 argenti,
1184 2728 1221 2788 ut
1242 2722 1320 2787 duo·

121 2824 231 2890 decim
259 2825 417 2893 hallenses
447 2845 545 2892 unum
575 2828 615 2892 de
644 2828 764 2909 grossis
792 2825 966 2909 praedictis
994 2825 1113 2892 faciant
1134 2828 1167 2890 in
1197 2827 1320 2908 argenti

120 2929 235 2994 valore
257 2934 289 2994 et
303 2930 411 2997 debita
425 2931 575 3011 bonitate,
599 2949 657 2996 nec
672 2950 730 3014 per
743 2931 935 2997 monetarios
950 2935 1133 3014 praesentes
1149 2936 1182 2996 et
1195 2931 1319 2997 futuros

120 3038 280 3116 perpetuo
302 3035 348 3100 sic
376 3034 605 3118 multiplicetur
625 3035 805 3120 hujusmodi
836 3035 1026 3101 ballensium
1055 3038 1231 3102 monetacio
1262 3055 1319 3103 seu

121 3137 224 3217 cusio,
258 3143 294 3202 ut
327 3157 365 3204 ex
394 3139 455 3204 hac
483 3139 686 3206 multitudine
707 3141 922 3207 necessarium
952 3140 995 3205 sit
1022 3141 1131 3223 plures
1161 3142 1319 3206 hallenses

121 3259 222 3324 quam
243 3241 409 3307 duodecim
429 3261 488 3325 pro
510 3262 620 3325 grosso
643 3245 723 3310 solvi
745 3263 802 3310 seu
825 3244 908 3308 hunc
930 3243 1092 3310 meliorem
1121 3244 1318 3311 ballensibua

124 3345 364 3430 quomodolibet
385 3348 557 3413 aestimari.

230 3450 365 3533 Insuper
386 3452 616 3519 examinatores
638 3452 760 3534 argenti
784 3456 817 3516 et
839 3452 1047 3532 denariorum,
1071 3456 1137 3518 tam
1151 3454 1185 3519 in
1200 3455 1319 3538 grossis

123 3573 222 3637 quam
235 3554 439 3636 ballensibus,
455 3557 509 3639 qui
525 3556 697 3622 versuoher
711 3556 886 3637 vulgariter
901 3560 1131 3638 nuncupantur,
1155 3558 1235 3624 duos
1248 3578 1320 3625 esse

125 3658 306 3740 statuimus,
330 3660 371 3724 ad
388 3677 467 3743 quos
481 3662 621 3743 pertinet
635 3663 667 3726 et
682 3663 827 3743 spectare
841 3660 938 3726 debet
950 3661 1129 3726 omnimode
1142 3662 1319 3745 providere,

125 3761 212 3848 quod
234 3763 336 3845 grossi
359 3767 393 3828 et
413 3763 571 3831 hallenses
584 3765 704 3847 legales
720 3769 753 3829 et
770 3765 845 3830 boni
860 3765 1024 3845 cudentur,
1046 3784 1105 3831 nee
1119 3767 1204 3832 ultra
1225 3788 1321 3853 quam

125 3868 273 3950 superius
289 3866 408 3933 dictum
424 3873 481 3949 est,
497 3869 705 3934 additamenti
721 3869 894 3953 quidquam
916 3871 1115 3952 aliquatenus
1133 3877 1318 3956 apponatur.

231 3971 353 4038 Horum
374 3973 482 4057 itaque
505 3973 755 4038 examinatorum
770 3993 862 4055 unus,
885 3975 1036 4039 videlicet
1050 3976 1172 4056 primus
1188 3982 1221 4044 et
1233 3981 1320 4062 prin-

127 4075 249 4159 cipalis,
273 4095 330 4158 per
343 4076 419 4158 Nos,
442 4076 576 4142 heredes
598 4082 631 4141 et
652 4095 852 4144 successores
868 4077 1010 4159 Nostros,
1029 4098 1121 4163 reges
1136 4081 1318 4164 Bohemiae,

126 4181 168 4246 ad
191 4179 414 4246 examinatoris
429 4176 569 4244 officium
582 4179 764 4264 hujusmodi
784 4187 942 4247 statuatur
956 4188 989 4247 et
1003 4184 1204 4267 destituatur,
1226 4193 1321 4269 prout

129 4285 240 4366 regiae
254 4285 410 4367 placuerit
422 4285 593 4363 voluntati3
617 4286 699 4350 alius
714 4304 788 4351 vero
810 4305 868 4368 per
889 4288 1024 4353 barones
1045 4292 1134 4371 regni
1155 4294 1319 4374 praedicti,

127 4389 319 4472 praesertim
338 4389 420 4472 illos,
444 4389 499 4472 qui
518 4389 551 4453 in
571 4389 704 4472 singolis
720 4394 856 4472 quatuor
869 4394 1064 4474 temporibus
1077 4395 1198 4477 judicio
1222 4398 1320 4464 caude
