3225 5017
492 357 557 428 Cap.
575 357 648 412 VIII.
672 359 726 412 Res
745 359 955 413 ecclesiasticae.
1275 367 1326 414 225

123 551 289 632 negligens
310 549 406 616 fuerit
428 551 460 615 in
489 551 685 632 praemissis,
714 570 771 634 per
793 551 971 635 praefatum
992 554 1225 636 praepositum,
1256 573 1327 618 enm

127 655 189 721 sibi
212 655 253 719 de
274 654 335 720 hoe
362 655 548 736 eonstiterit,
579 656 774 738 puniendum
806 674 864 722 seu
893 676 914 722 a
942 657 1117 722 ministerio
1146 657 1327 740 hujusmodi

126 759 363 824 removendum.
752 751 760 774 ⁰
916 746 918 749 ¹

231 861 298 927 Nos
321 861 428 945 igitur,
452 863 607 946 praedicti
637 863 760 944 Petrus,
791 861 920 928 Uhieus
950 868 983 929 et
1007 861 1157 946 ioannes,
1181 868 1327 946 praeten-

126 966 240 1032 dentes
264 971 297 1031 et
318 967 475 1048 timentes,
501 968 585 1051 quod
607 968 789 1052 hujusmodi
811 967 931 1033 iactum
952 969 1113 1035 laudabile
1136 969 1247 1052 posset
1270 987 1328 1052 per

125 1071 283 1136 incuriam
313 1074 345 1135 et
373 1072 600 1154 negligentiam
630 1071 746 1138 futuris
778 1073 973 1155 temporibus
1007 1072 1162 1156 deperire,
1191 1071 1327 1140 Vestrae

124 1174 316 1240 Paternitati
340 1175 488 1241 duximus
511 1177 672 1242 humiliter
695 1177 947 1260 supplicandum,
971 1181 1127 1262 quatenus
1142 1176 1326 1264 hujusmodi

126 1279 348 1362 possessiones
372 1281 519 1363 superius
543 1285 714 1362 enarratae,
739 1299 862 1362 census,
881 1283 955 1365 jura
977 1283 1011 1347 et
1028 1281 1184 1362 redditus,
1207 1300 1279 1346 oum
1292 1282 1340 1373 in

127 1382 246 1449 Vestra
257 1383 430 1448 eonsistant
442 1383 590 1465 dioecesi,
606 1388 800 1451 memoratae
812 1385 929 1466 domui,
942 1386 1089 1466 oratorio,
1107 1387 1326 1469 eleemosynae

130 1504 189 1553 seu
212 1486 362 1570 hospitali
386 1487 558 1569 dignemini
577 1495 745 1556 annectere
761 1494 793 1556 et
808 1491 908 1571 notre,
930 1490 1111 1572 dictamque
1126 1487 1327 1556 donationem

126 1595 164 1656 ut
188 1590 229 1656 do
253 1595 377 1657 caetero
402 1593 444 1657 sit
462 1592 543 1675 Juris
567 1595 784 1675 ecelesiastici,
809 1594 1017 1675 authorizare,
1041 1594 1187 1661 ordinare
1217 1597 1250 1660 et
1270 1614 1327 1677 ap-x

126 1696 271 1779 probare.
295 1695 361 1761 Nos
378 1697 461 1762 enim
482 1696 543 1762 hoo
564 1699 670 1781 ipsum
689 1699 728 1764 ab
743 1698 924 1782 hujusmodi
945 1698 1056 1764 domus
1079 1717 1137 1763 seo
1158 1698 1326 1782 hospitalis

125 1801 189 1866 looi
213 1799 371 1866 ordinario
395 1819 452 1866 seu
475 1801 663 1869 dioecesano
693 1803 832 1886 petimus
861 1809 894 1869 et
926 1805 989 1869 alia
1012 1804 1096 1870 enea
1124 1803 1185 1869 hoo
1213 1821 1326 1887 oppor-

126 1910 207 1972 tuna
229 1907 403 1989 impetrare
426 1907 606 1974 curabimus
628 1908 697 1973 loeo
721 1912 754 1974 et
774 1912 918 1991 tempore
940 1907 1134 1992 opportunis.

234 2009 271 2074 In
294 2027 428 2091 quorum
451 2011 590 2078 omnium
613 2011 829 2078 testimonium
852 2012 956 2094 sigilla
976 2016 1086 2078 nostra
1100 2011 1323 2096 praesentibus

125 2118 202 2180 sunt
226 2132 375 2197 appensa.

231 2218 349 2284 Datum
372 2222 405 2283 et
427 2222 532 2286 aetum
554 2217 587 2283 in
611 2223 713 2284 castro
735 2223 843 2285 nostro
866 2219 899 2284 in
921 2217 1091 2285 Kromnow
1113 2220 1151 2285 A.
1175 2220 1214 2291 D.
1241 2219 1324 2284 1378

125 2323 270 2405 proximo
294 2322 447 2389 sabbatho
470 2326 543 2388 ante
566 2321 650 2387 diem
672 2321 702 2388 8.
727 2323 872 2405 Gregorii
895 2323 1034 2390 doctoris
1056 2324 1196 2406 gloriosi.

233 2424 354 2492 (Borooyi,
372 2425 449 2477 moro
467 2425 620 2478 erectionem
637 2425 675 2478 H.
693 2428 764 2493 270.)

233 2581 446 2648 Statutum
469 2582 669 2666 synodale
693 2582 785 2648 1380.
812 2581 1012 2649 latonii.

235 2686 274 2752 (rr
289 2687 346 2738 ooo.
365 2685 449 2753 saper.
468 2687 548 2756 Pray.
566 2687 657 2752 Hafler
676 2686 790 2740 maaria
809 2689 862 2754 ro.)

233 2806 1325 2893 ConciliumPragense:Statutadoannisarehiepis-

121 2913 224 2998 oopi
245 2912 470 2995 Pragensis
500 2915 541 2980 in
564 2914 745 2980 coneilio
777 2912 1035 2995 provinciali
1065 2912 1191 2978 edita
1229 2913 1322 2978 1381.

122 3022 181 3086 30.
210 3016 339 3100 April.

236 3119 387 3186 (Horaheim
406 3121 479 3174 oona.
498 3119 584 3174 Germ.
604 3150 637 3159 -
655 3119 745 3185 Hoflor
764 3119 880 3174 Consilio
897 3120 1041 3188 bagoaria
1059 3122 1113 3188 11.)

235 3241 446 3308 Statutum
469 3243 670 3326 synodale
693 3243 787 3308 1381.
813 3243 863 3307 18.
888 3242 957 3308 011

233 3347 271 3412 (ro
286 3347 341 3399 ooo.
361 3345 420 3398 otor.
439 3345 510 3399 anio.
530 3348 608 3414 may.
626 3347 718 3411 noster
736 3346 810 3398 donc.
830 3347 910 3413 may.
929 3351 979 3413 ra,
998 3348 1051 3414 ra.)

235 3468 424 3554 Synodus
446 3467 670 3550 Pragensis
695 3467 787 3532 1384.
816 3467 867 3532 29.
891 3466 991 3549 April.
1048 3544 1053 3551 Ι

236 3574 274 3639 (n
291 3574 347 3625 coo.
366 3572 515 3624 1111111.
535 3574 613 3640 naq.
631 3571 721 3636 Hofler
739 3571 814 3624 oona.
832 3570 911 3639 Praq.
931 3572 985 3637 13.)

234 3693 402 3760 Statuta
425 3692 653 3775 synodalia
676 3693 768 3759 1386.
794 3693 845 3759 15.
869 3691 957 3758 Julii.

234 3797 272 3860 (ιι
287 3797 342 3849 aa.
362 3795 510 3849 111111.
529 3795 607 3863 ray.
626 3795 715 3860 nasta·
735 3794 810 3850 oona.
826 3796 908 3869 may.
928 3796 981 3859 14.)

235 3901 404 3967 Statuta
427 3900 648 3984 synodalia
671 3901 763 3967 1386.
790 3901 839 3966 18.
865 3900 935 3968 Oct.
1020 3939 1022 3944 ·

239 4007 276 4074 (E
283 4009 337 4060 eod.
349 4007 409 4059 bibl.
418 4006 488 4059 noio.
499 4008 578 4075 Pray.
590 4007 680 4071 Hdfler
690 4005 762 4060 Oone.
774 4004 854 4073 Proy.
867 4009 909 4058 15.
921 4035 956 4043 -
965 4006 1006 4073 (if.
1015 4005 1093 4058 Libri
1102 4013 1175 4059 areat.
1184 4010 1244 4070 401,
1253 4006 1325 4072 402.)

234 4110 432 4177 Mandata
455 4111 673 4196 synodalia
688 4110 785 4176 data
799 4098 1211 4194 perJoannemaroh.
1230 4110 1323 4176 1387.

234 4215 273 4280 (E
289 4216 344 4267 cod.
363 4215 424 4268 titt.
442 4217 511 4268 onio.
534 4217 609 4283 Proq.
628 4215 717 4278 Hofler
736 4213 810 4268 Uono.
829 4215 909 4282 Pray.
928 4218 969 4264 16.

234 4318 473 4385 Processus
495 4320 534 4384 in
557 4319 709 4404 synodo
731 4318 935 4400 Pragensi
966 4318 1058 4382 1389.

236 4423 274 4488 (E
290 4424 344 4477 cod.
364 4422 423 4476 titt.
441 4423 511 4477 onio.
533 4406 609 4490 Praq.
627 4422 718 4486 Ho‘fler
734 4421 774 4477 1o.
792 4424 846 4486 17.)

181 4517 260 4560 Codex
271 4517 290 4568 J.
304 4518 330 4558 Β.
344 4517 370 4558 11.
385 4523 405 4560 8,
575 4509 577 4514 ’
