<?xml version="1.0" encoding="UTF-8"?>
<!DOCTYPE html PUBLIC "-//W3C//DTD XHTML 1.0 Transitional//EN"
    "http://www.w3.org/TR/xhtml1/DTD/xhtml1-transitional.dtd">
<html xmlns="http://www.w3.org/1999/xhtml" xml:lang="en" lang="en">
 <head>
  <title>
</title>
<meta http-equiv="Content-Type" content="text/html;charset=utf-8" />
  <meta name='ocr-system' content='tesseract 3.04.00' />
  <meta name='ocr-capabilities' content='ocr_page ocr_carea ocr_par ocr_line ocrx_word'/>
</head>
<body>
  <div class='ocr_page' id='page_1' title='image "./codexjurisbohem02kingoog_0117.png"; bbox 0 0 3225 5017; ppageno 0'>
   <div class='ocr_carea' id='block_1_1' title="bbox 38 4 584 344">
    <p class='ocr_par' dir='ltr' id='par_1_1' title="bbox 38 4 468 171">
     <span class='ocr_line' id='line_1_1' title="bbox 38 4 463 171; baseline 0 -52"><span class='ocrx_word' id='word_1_1' title='bbox 38 4 463 171; x_wconf 56' lang='lat' dir='ltr'>quw·</span> 
     </span>
    </p>

    <p class='ocr_par' dir='ltr' id='par_1_2' title="bbox 334 72 381 89">
     <span class='ocr_line' id='line_1_2' title="bbox 334 72 381 89; baseline 0 0"><span class='ocrx_word' id='word_1_2' title='bbox 334 74 338 83; x_wconf 93' lang='lat'>·</span> <span class='ocrx_word' id='word_1_3' title='bbox 372 72 381 89; x_wconf 56' lang='grc' dir='ltr'><em>κ</em></span> 
     </span>
    </p>

    <p class='ocr_par' dir='ltr' id='par_1_3' title="bbox 75 100 153 118">
     <span class='ocr_line' id='line_1_3' title="bbox 75 100 153 118; baseline 0.013 -1"><span class='ocrx_word' id='word_1_4' title='bbox 75 108 79 117; x_wconf 86' lang='grc' dir='ltr'>ι</span> <span class='ocrx_word' id='word_1_5' title='bbox 142 100 153 118; x_wconf 57' lang='lat' dir='ltr'><strong>i</strong></span> 
     </span>
    </p>

    <p class='ocr_par' dir='ltr' id='par_1_4' title="bbox 38 209 41 222">
     <span class='ocr_line' id='line_1_4' title="bbox 38 209 41 222; baseline 0 0"><span class='ocrx_word' id='word_1_6' title='bbox 38 209 41 222; x_wconf 64' lang='grc' dir='ltr'><strong>Ρ</strong></span> 
     </span>
    </p>

    <p class='ocr_par' dir='ltr' id='par_1_5' title="bbox 38 231 584 344">
     <span class='ocr_line' id='line_1_5' title="bbox 38 231 584 246; baseline 0.002 -5"><span class='ocrx_word' id='word_1_7' title='bbox 38 231 40 246; x_wconf 83' lang='grc'>,</span> <span class='ocrx_word' id='word_1_8' title='bbox 582 231 584 242; x_wconf 74' lang='grc'>,</span> 
     </span>
     <span class='ocr_line' id='line_1_6' title="bbox 38 321 42 344; baseline 0 0"><span class='ocrx_word' id='word_1_9' title='bbox 38 321 42 344; x_wconf 76' lang='lat' dir='ltr'>l</span> 
     </span>
    </p>
   </div>
   <div class='ocr_carea' id='block_1_2' title="bbox 499 337 1401 420">
    <p class='ocr_par' dir='ltr' id='par_1_6' title="bbox 499 337 1401 420">
     <span class='ocr_line' id='line_1_7' title="bbox 499 337 1401 420; baseline 0.003 -17"><span class='ocrx_word' id='word_1_10' title='bbox 499 349 565 420; x_wconf 77' lang='lat' dir='ltr'>Cap.</span> <span class='ocrx_word' id='word_1_11' title='bbox 583 349 631 403; x_wconf 89' lang='lat' dir='ltr'>III.</span> <span class='ocrx_word' id='word_1_12' title='bbox 649 349 704 402; x_wconf 88' lang='lat' dir='ltr'>Res</span> <span class='ocrx_word' id='word_1_13' title='bbox 722 337 861 404; x_wconf 84' lang='lat' dir='ltr'>militares.</span> <span class='ocrx_word' id='word_1_14' title='bbox 1226 357 1275 404; x_wconf 79' lang='lat'>107</span> <span class='ocrx_word' id='word_1_15' title='bbox 1398 400 1401 407; x_wconf 86' lang='lat'><em>.</em></span> 
     </span>
    </p>
   </div>
   <div class='ocr_carea' id='block_1_3' title="bbox 38 543 1279 1656">
    <p class='ocr_par' dir='ltr' id='par_1_7' title="bbox 93 543 1279 1656">
     <span class='ocr_line' id='line_1_8' title="bbox 94 543 1277 626; baseline 0.004 -20"><span class='ocrx_word' id='word_1_16' title='bbox 94 544 186 609; x_wconf 85' lang='lat' dir='ltr'>dictos</span> <span class='ocrx_word' id='word_1_17' title='bbox 208 546 248 609; x_wconf 86' lang='lat' dir='ltr'>ed</span> <span class='ocrx_word' id='word_1_18' title='bbox 270 551 371 611; x_wconf 87' lang='lat' dir='ltr'>metas</span> <span class='ocrx_word' id='word_1_19' title='bbox 394 561 452 609; x_wconf 92' lang='lat' dir='ltr'>seu</span> <span class='ocrx_word' id='word_1_20' title='bbox 474 544 630 625; x_wconf 74' lang='lat' dir='ltr'>granioies</span> <span class='ocrx_word' id='word_1_21' title='bbox 661 548 694 608; x_wconf 88' lang='lat' dir='ltr'>et</span> <span class='ocrx_word' id='word_1_22' title='bbox 715 548 804 608; x_wconf 84' lang='lat' dir='ltr'>extra</span> <span class='ocrx_word' id='word_1_23' title='bbox 830 544 931 625; x_wconf 89' lang='lat' dir='ltr'>ipsius</span> <span class='ocrx_word' id='word_1_24' title='bbox 953 544 1042 626; x_wconf 81' lang='lat' dir='ltr'>regni</span> <span class='ocrx_word' id='word_1_25' title='bbox 1063 543 1173 609; x_wconf 79' lang='lat' dir='ltr'><strong>Nostri</strong></span> <span class='ocrx_word' id='word_1_26' title='bbox 1195 545 1277 611; x_wconf 90' lang='lat' dir='ltr'>Boe-</span> 
     </span>
     <span class='ocr_line' id='line_1_9' title="bbox 95 647 1277 729; baseline 0.003 -17"><span class='ocrx_word' id='word_1_27' title='bbox 95 649 170 713; x_wconf 88' lang='lat' dir='ltr'>miae</span> <span class='ocrx_word' id='word_1_28' title='bbox 196 650 348 714; x_wconf 86' lang='lat' dir='ltr'>terminos</span> <span class='ocrx_word' id='word_1_29' title='bbox 377 648 536 714; x_wconf 78' lang='lat' dir='ltr'>adducere</span> <span class='ocrx_word' id='word_1_30' title='bbox 565 647 680 714; x_wconf 82' lang='lat' dir='ltr'>debeat</span> <span class='ocrx_word' id='word_1_31' title='bbox 708 652 742 712; x_wconf 91' lang='lat' dir='ltr'>et</span> <span class='ocrx_word' id='word_1_32' title='bbox 769 652 887 729; x_wconf 90' lang='lat' dir='ltr'>tenere,</span> <span class='ocrx_word' id='word_1_33' title='bbox 917 649 1035 714; x_wconf 87' lang='lat' dir='ltr'>idcireo</span> <span class='ocrx_word' id='word_1_34' title='bbox 1065 649 1127 716; x_wconf 91' lang='lat' dir='ltr'>sibi</span> <span class='ocrx_word' id='word_1_35' title='bbox 1159 651 1277 715; x_wconf 83' lang='lat' dir='ltr'>virtute</span> 
     </span>
     <span class='ocr_line' id='line_1_10' title="bbox 93 751 1277 835; baseline 0.006 -21"><span class='ocrx_word' id='word_1_36' title='bbox 93 754 298 833; x_wconf 84' lang='lat' dir='ltr'>praesentium</span> <span class='ocrx_word' id='word_1_37' title='bbox 320 757 353 818; x_wconf 89' lang='lat' dir='ltr'>et</span> <span class='ocrx_word' id='word_1_38' title='bbox 374 753 563 818; x_wconf 83' lang='lat' dir='ltr'>auctoritate</span> <span class='ocrx_word' id='word_1_39' title='bbox 592 752 680 834; x_wconf 83' lang='lat' dir='ltr'>regia</span> <span class='ocrx_word' id='word_1_40' title='bbox 702 751 866 834; x_wconf 86' lang='lat' dir='ltr'>praedicta</span> <span class='ocrx_word' id='word_1_41' title='bbox 887 770 944 835; x_wconf 91' lang='lat' dir='ltr'>pro</span> <span class='ocrx_word' id='word_1_42' title='bbox 965 752 1075 834; x_wconf 90' lang='lat' dir='ltr'>Nobis,</span> <span class='ocrx_word' id='word_1_43' title='bbox 1106 754 1277 821; x_wconf 79' lang='lat' dir='ltr'>heredibus</span> 
     </span>
     <span class='ocr_line' id='line_1_11' title="bbox 93 855 1278 940; baseline 0.003 -20"><span class='ocrx_word' id='word_1_44' title='bbox 93 861 120 920; x_wconf 89' lang='lat' dir='ltr'>ot</span> <span class='ocrx_word' id='word_1_45' title='bbox 141 858 375 923; x_wconf 86' lang='lat' dir='ltr'>successoribus</span> <span class='ocrx_word' id='word_1_46' title='bbox 396 857 531 937; x_wconf 88' lang='lat' dir='ltr'>Nostris,</span> <span class='ocrx_word' id='word_1_47' title='bbox 562 857 689 939; x_wconf 82' lang='lat' dir='ltr'>regibus</span> <span class='ocrx_word' id='word_1_48' title='bbox 719 855 878 937; x_wconf 87' lang='lat' dir='ltr'>Boemiae,</span> <span class='ocrx_word' id='word_1_49' title='bbox 908 858 1121 940; x_wconf 82' lang='lat' dir='ltr'><strong>promittimus</strong></span> <span class='ocrx_word' id='word_1_50' title='bbox 1149 861 1278 926; x_wconf 84' lang='lat' dir='ltr'>realiter</span> 
     </span>
     <span class='ocr_line' id='line_1_12' title="bbox 94 961 1277 1045; baseline 0.004 -21"><span class='ocrx_word' id='word_1_51' title='bbox 94 965 121 1025; x_wconf 85' lang='lat' dir='ltr'>et</span> <span class='ocrx_word' id='word_1_52' title='bbox 152 962 350 1044; x_wconf 76' lang='lat' dir='ltr'>spondemus,</span> <span class='ocrx_word' id='word_1_53' title='bbox 385 962 470 1044; x_wconf 93' lang='lat' dir='ltr'>quod</span> <span class='ocrx_word' id='word_1_54' title='bbox 493 961 643 1027; x_wconf 86' lang='lat' dir='ltr'>universa</span> <span class='ocrx_word' id='word_1_55' title='bbox 665 966 698 1027; x_wconf 92' lang='lat' dir='ltr'>et</span> <span class='ocrx_word' id='word_1_56' title='bbox 726 961 851 1043; x_wconf 84' lang='lat' dir='ltr'>singula</span> <span class='ocrx_word' id='word_1_57' title='bbox 881 961 1025 1044; x_wconf 79' lang='lat' dir='ltr'>dampna,</span> <span class='ocrx_word' id='word_1_58' title='bbox 1060 982 1142 1044; x_wconf 88' lang='lat' dir='ltr'>quae</span> <span class='ocrx_word' id='word_1_59' title='bbox 1171 964 1277 1045; x_wconf 91' lang='lat' dir='ltr'>ipsum</span> 
     </span>
     <span class='ocr_line' id='line_1_13' title="bbox 95 1065 1279 1150; baseline 0.003 -22"><span class='ocrx_word' id='word_1_60' title='bbox 95 1066 359 1150; x_wconf 90' lang='lat' dir='ltr'>archiepiscopum</span> <span class='ocrx_word' id='word_1_61' title='bbox 389 1085 460 1132; x_wconf 88' lang='lat' dir='ltr'>cum</span> <span class='ocrx_word' id='word_1_62' title='bbox 491 1066 671 1150; x_wconf 89' lang='lat' dir='ltr'>hujusmodi</span> <span class='ocrx_word' id='word_1_63' title='bbox 701 1065 850 1148; x_wconf 85' lang='lat' dir='ltr'>gentibus</span> <span class='ocrx_word' id='word_1_64' title='bbox 883 1065 960 1146; x_wconf 87' lang='lat' dir='ltr'>suis,</span> <span class='ocrx_word' id='word_1_65' title='bbox 995 1085 1073 1150; x_wconf 90' lang='lat' dir='ltr'>quas</span> <span class='ocrx_word' id='word_1_66' title='bbox 1102 1066 1212 1148; x_wconf 73' lang='lat' dir='ltr'>Nobis</span> <span class='ocrx_word' id='word_1_67' title='bbox 1242 1073 1279 1132; x_wconf 90' lang='lat' dir='ltr'>ut</span> 
     </span>
     <span class='ocr_line' id='line_1_14' title="bbox 94 1170 1278 1254; baseline 0.005 -22"><span class='ocrx_word' id='word_1_68' title='bbox 94 1170 305 1252; x_wconf 50' lang='lat' dir='ltr'>praeferturs</span> <span class='ocrx_word' id='word_1_69' title='bbox 295 1191 329 1236; x_wconf 91' lang='lat' dir='ltr'>m</span> <span class='ocrx_word' id='word_1_70' title='bbox 352 1172 539 1254; x_wconf 84' lang='lat' dir='ltr'>obsequium</span> <span class='ocrx_word' id='word_1_71' title='bbox 561 1170 738 1237; x_wconf 82' lang='lat' dir='ltr'>decreverit</span> <span class='ocrx_word' id='word_1_72' title='bbox 759 1170 930 1250; x_wconf 85' lang='lat' dir='ltr'>ducendas,</span> <span class='ocrx_word' id='word_1_73' title='bbox 961 1190 1043 1254; x_wconf 87' lang='lat' dir='ltr'>quae</span> <span class='ocrx_word' id='word_1_74' title='bbox 1068 1176 1174 1237; x_wconf 87' lang='lat' dir='ltr'>tamen</span> <span class='ocrx_word' id='word_1_75' title='bbox 1195 1172 1278 1239; x_wconf 88' lang='lat' dir='ltr'>bono</span> 
     </span>
     <span class='ocr_line' id='line_1_15' title="bbox 94 1271 1279 1358; baseline 0.003 -20"><span class='ocrx_word' id='word_1_76' title='bbox 94 1275 267 1342; x_wconf 83' lang='lat' dir='ltr'>testimonio</span> <span class='ocrx_word' id='word_1_77' title='bbox 290 1276 506 1342; x_wconf 87' lang='lat' dir='ltr'>demonstrare</span> <span class='ocrx_word' id='word_1_78' title='bbox 529 1277 654 1358; x_wconf 83' lang='lat' dir='ltr'>poterit,</span> <span class='ocrx_word' id='word_1_79' title='bbox 632 1275 740 1342; x_wconf 91' lang='lat' dir='ltr'>tsibi</span> <span class='ocrx_word' id='word_1_80' title='bbox 763 1280 796 1339; x_wconf 92' lang='lat' dir='ltr'>et</span> <span class='ocrx_word' id='word_1_81' title='bbox 814 1276 855 1340; x_wconf 91' lang='lat' dir='ltr'>ad</span> <span class='ocrx_word' id='word_1_82' title='bbox 869 1271 980 1340; x_wconf 89' lang='lat' dir='ltr'>fideles</span> <span class='ocrx_word' id='word_1_83' title='bbox 995 1295 1106 1341; x_wconf 89' lang='lat' dir='ltr'>manus</span> <span class='ocrx_word' id='word_1_84' title='bbox 1121 1272 1279 1343; x_wconf 89' lang='lat' dir='ltr'>nobilibus</span> 
     </span>
     <span class='ocr_line' id='line_1_16' title="bbox 38 1371 1279 1470; baseline 0.003 -28.191"><span class='ocrx_word' id='word_1_85' title='bbox 38 1371 254 1470; x_wconf 71' lang='lat' dir='ltr'>{Wilhelmo</span> <span class='ocrx_word' id='word_1_86' title='bbox 278 1385 311 1446; x_wconf 91' lang='lat' dir='ltr'>et</span> <span class='ocrx_word' id='word_1_87' title='bbox 332 1379 463 1447; x_wconf 87' lang='lat' dir='ltr'>Nicoleo</span> <span class='ocrx_word' id='word_1_88' title='bbox 487 1381 527 1446; x_wconf 91' lang='lat' dir='ltr'>de</span> <span class='ocrx_word' id='word_1_89' title='bbox 548 1380 942 1462; x_wconf 79' lang='lat' dir='ltr'>Hazemburg,ge1manis</span> <span class='ocrx_word' id='word_1_90' title='bbox 963 1379 1027 1445; x_wconf 85' lang='lat' dir='ltr'>irat</span> <span class='ocrx_word' id='word_1_91' title='bbox 1013 1381 1114 1449; x_wconf 88' lang='lat' dir='ltr'>tribus</span> <span class='ocrx_word' id='word_1_92' title='bbox 1129 1382 1206 1461; x_wconf 90' lang='lat' dir='ltr'>suis,</span> <span class='ocrx_word' id='word_1_93' title='bbox 1229 1400 1279 1446; x_wconf 89' lang='lat' dir='ltr'>re-</span> 
     </span>
     <span class='ocr_line' id='line_1_17' title="bbox 93 1481 1279 1569; baseline 0.005 -23"><span class='ocrx_word' id='word_1_94' title='bbox 93 1481 216 1550; x_wconf 84' lang='lat' dir='ltr'>fundere</span> <span class='ocrx_word' id='word_1_95' title='bbox 239 1487 629 1569; x_wconf 85' lang='lat' dir='ltr'>volumus,etque&#39;1psos</span> <span class='ocrx_word' id='word_1_96' title='bbox 652 1485 692 1550; x_wconf 90' lang='lat' dir='ltr'>de</span> <span class='ocrx_word' id='word_1_97' title='bbox 716 1485 836 1551; x_wconf 90' lang='lat' dir='ltr'>eisdem</span> <span class='ocrx_word' id='word_1_98' title='bbox 866 1485 1001 1551; x_wconf 91' lang='lat' dir='ltr'>reddere</span> <span class='ocrx_word' id='word_1_99' title='bbox 1022 1485 1207 1567; x_wconf 88' lang='lat' dir='ltr'>indempnes</span> <span class='ocrx_word' id='word_1_100' title='bbox 1229 1505 1279 1552; x_wconf 90' lang='lat' dir='ltr'>re-</span> 
     </span>
     <span class='ocr_line' id='line_1_18' title="bbox 95 1587 677 1656; baseline 0.009 -6"><span class='ocrx_word' id='word_1_101' title='bbox 95 1587 264 1655; x_wconf 90' lang='lat' dir='ltr'>alittere</span> <span class='ocrx_word' id='word_1_102' title='bbox 218 1594 288 1656; x_wconf 91' lang='lat' dir='ltr'>m</span> <span class='ocrx_word' id='word_1_103' title='bbox 310 1594 376 1656; x_wconf 98' lang='grc' dir='ltr'>ο</span> <span class='ocrx_word' id='word_1_104' title='bbox 343 1591 677 1656; x_wconf 86' lang='lat' dir='ltr'>tot..Daum...</span> 
     </span>
    </p>
   </div>
   <div class='ocr_carea' id='block_1_4' title="bbox 190 1726 901 1795">
    <p class='ocr_par' dir='ltr' id='par_1_8' title="bbox 190 1726 901 1795">
     <span class='ocr_line' id='line_1_19' title="bbox 190 1726 901 1795; baseline -0.001 -15"><span class='ocrx_word' id='word_1_105' title='bbox 190 1727 229 1795; x_wconf 82' lang='grc' dir='ltr'>(Ε</span> <span class='ocrx_word' id='word_1_106' title='bbox 243 1727 362 1794; x_wconf 66' lang='lat' dir='ltr'>«topiario</span> <span class='ocrx_word' id='word_1_107' title='bbox 379 1727 511 1782; x_wconf 67' lang='lat' dir='ltr'>Promisi.</span> <span class='ocrx_word' id='word_1_108' title='bbox 530 1727 622 1790; x_wconf 79' lang='lat' dir='ltr'>Pelzel,</span> <span class='ocrx_word' id='word_1_109' title='bbox 640 1727 675 1780; x_wconf 84' lang='lat' dir='ltr'><strong><em>K</em></strong></span> <span class='ocrx_word' id='word_1_110' title='bbox 699 1727 797 1780; x_wconf 80' lang='lat' dir='ltr'>Weazel</span> <span class='ocrx_word' id='word_1_111' title='bbox 817 1726 901 1793; x_wconf 82' lang='lat' dir='ltr'><em>OOX.)</em></span> 
     </span>
    </p>
   </div>
   <div class='ocr_carea' id='block_1_5' title="bbox 38 1900 1286 4075">
    <p class='ocr_par' dir='ltr' id='par_1_9' title="bbox 38 1900 1286 4075">
     <span class='ocr_line' id='line_1_20' title="bbox 38 1900 1277 1983; baseline 0 -17"><span class='ocrx_word' id='word_1_112' title='bbox 38 1973 39 1978; x_wconf 6' lang='grc' dir='ltr'>ἵ</span> <span class='ocrx_word' id='word_1_113' title='bbox 188 1902 456 1968; x_wconf 78' lang='lat' dir='ltr'>wenceslaus</span> <span class='ocrx_word' id='word_1_114' title='bbox 479 1908 538 1968; x_wconf 89' lang='lat' dir='ltr'>etc.</span> <span class='ocrx_word' id='word_1_115' title='bbox 563 1902 720 1968; x_wconf 87' lang='lat' dir='ltr'>universis</span> <span class='ocrx_word' id='word_1_116' title='bbox 751 1905 784 1966; x_wconf 92' lang='lat' dir='ltr'>et</span> <span class='ocrx_word' id='word_1_117' title='bbox 813 1900 946 1982; x_wconf 81' lang='lat' dir='ltr'>singulis</span> <span class='ocrx_word' id='word_1_118' title='bbox 967 1901 1129 1983; x_wconf 77' lang='lat' dir='ltr'>magistris</span> <span class='ocrx_word' id='word_1_119' title='bbox 1152 1902 1277 1982; x_wconf 83' lang='lat' dir='ltr'>civium,</span> 
     </span>
     <span class='ocr_line' id='line_1_21' title="bbox 97 2005 1280 2092; baseline 0.003 -24"><span class='ocrx_word' id='word_1_120' title='bbox 97 2007 270 2074; x_wconf 86' lang='lat' dir='ltr'>consulibus</span> <span class='ocrx_word' id='word_1_121' title='bbox 292 2011 325 2073; x_wconf 91' lang='lat' dir='ltr'>et</span> <span class='ocrx_word' id='word_1_122' title='bbox 342 2008 459 2092; x_wconf 85' lang='lat' dir='ltr'>juratis</span> <span class='ocrx_word' id='word_1_123' title='bbox 482 2008 647 2074; x_wconf 86' lang='lat' dir='ltr'>civitatum</span> <span class='ocrx_word' id='word_1_124' title='bbox 668 2008 702 2072; x_wconf 92' lang='lat' dir='ltr'>in</span> <span class='ocrx_word' id='word_1_125' title='bbox 724 2006 772 2071; x_wconf 86' lang='lat' dir='ltr'>L.</span> <span class='ocrx_word' id='word_1_126' title='bbox 798 2057 804 2072; x_wconf 94' lang='lat'>.</span> <span class='ocrx_word' id='word_1_127' title='bbox 830 2057 837 2072; x_wconf 89' lang='lat'><strong>.</strong></span> <span class='ocrx_word' id='word_1_128' title='bbox 863 2057 881 2086; x_wconf 89' lang='lat'>.,</span> <span class='ocrx_word' id='word_1_129' title='bbox 903 2007 938 2070; x_wconf 94' lang='lat' dir='ltr'>in</span> <span class='ocrx_word' id='word_1_130' title='bbox 960 2005 1030 2071; x_wconf 89' lang='lat' dir='ltr'>Usk</span> <span class='ocrx_word' id='word_1_131' title='bbox 1052 2024 1148 2088; x_wconf 88' lang='lat' dir='ltr'>super</span> <span class='ocrx_word' id='word_1_132' title='bbox 1169 2005 1280 2088; x_wconf 83' lang='lat' dir='ltr'>Albos,</span> 
     </span>
     <span class='ocr_line' id='line_1_22' title="bbox 38 2099 1283 2193; baseline 0.001 -19"><span class='ocrx_word' id='word_1_133' title='bbox 38 2099 42 2174; x_wconf 79' lang='grc' dir='ltr'>ι</span> <span class='ocrx_word' id='word_1_134' title='bbox 96 2110 124 2174; x_wconf 87' lang='grc' dir='ltr'>ιι</span> <span class='ocrx_word' id='word_1_135' title='bbox 145 2110 232 2177; x_wconf 89' lang='lat' dir='ltr'>Luna</span> <span class='ocrx_word' id='word_1_136' title='bbox 255 2115 289 2176; x_wconf 92' lang='lat' dir='ltr'>et</span> <span class='ocrx_word' id='word_1_137' title='bbox 310 2113 343 2176; x_wconf 95' lang='lat' dir='ltr'>in</span> <span class='ocrx_word' id='word_1_138' title='bbox 364 2112 481 2192; x_wconf 79' lang='lat' dir='ltr'>Ponte3</span> <span class='ocrx_word' id='word_1_139' title='bbox 505 2113 678 2178; x_wconf 88' lang='lat' dir='ltr'>consimilis</span> <span class='ocrx_word' id='word_1_140' title='bbox 700 2109 884 2177; x_wconf 88' lang='lat' dir='ltr'>Henuscbio</span> <span class='ocrx_word' id='word_1_141' title='bbox 902 2110 1069 2193; x_wconf 86' lang='lat' dir='ltr'>Kapplerii</span> <span class='ocrx_word' id='word_1_142' title='bbox 1090 2116 1123 2176; x_wconf 92' lang='lat' dir='ltr'>et</span> <span class='ocrx_word' id='word_1_143' title='bbox 1138 2112 1283 2177; x_wconf 89' lang='lat' dir='ltr'>omnibus</span> 
     </span>
     <span class='ocr_line' id='line_1_23' title="bbox 42 2214 1283 2298; baseline -0.001 -18"><span class='ocrx_word' id='word_1_144' title='bbox 42 2277 43 2280; x_wconf 74' lang='grc'>,</span> <span class='ocrx_word' id='word_1_145' title='bbox 97 2216 275 2298; x_wconf 81' lang='lat' dir='ltr'>etsingulis</span> <span class='ocrx_word' id='word_1_146' title='bbox 298 2216 339 2280; x_wconf 88' lang='lat' dir='ltr'>de</span> <span class='ocrx_word' id='word_1_147' title='bbox 361 2215 487 2282; x_wconf 82' lang='lat' dir='ltr'>Sulevic</span> <span class='ocrx_word' id='word_1_148' title='bbox 510 2216 653 2298; x_wconf 85' lang='lat' dir='ltr'>patribus</span> <span class='ocrx_word' id='word_1_149' title='bbox 676 2220 709 2281; x_wconf 91' lang='lat' dir='ltr'>et</span> <span class='ocrx_word' id='word_1_150' title='bbox 730 2215 841 2281; x_wconf 88' lang='lat' dir='ltr'>amicis</span> <span class='ocrx_word' id='word_1_151' title='bbox 864 2214 947 2293; x_wconf 90' lang='lat' dir='ltr'>suis;</span> <span class='ocrx_word' id='word_1_152' title='bbox 970 2214 1048 2279; x_wconf 90' lang='lat' dir='ltr'>item</span> <span class='ocrx_word' id='word_1_153' title='bbox 1069 2215 1228 2281; x_wconf 87' lang='lat' dir='ltr'>universis</span> <span class='ocrx_word' id='word_1_154' title='bbox 1250 2218 1283 2279; x_wconf 89' lang='lat' dir='ltr'>et</span> 
     </span>
     <span class='ocr_line' id='line_1_24' title="bbox 97 2317 1283 2402; baseline 0.001 -20"><span class='ocrx_word' id='word_1_155' title='bbox 97 2319 310 2402; x_wconf 70' lang='lat' dir='ltr'>singtilismilr</span> <span class='ocrx_word' id='word_1_156' title='bbox 242 2321 406 2401; x_wconf 82' lang='lat' dir='ltr'>militibus,</span> <span class='ocrx_word' id='word_1_157' title='bbox 430 2320 628 2387; x_wconf 81' lang='lat' dir='ltr'>clientibus</span> <span class='ocrx_word' id='word_1_158' title='bbox 619 2339 653 2385; x_wconf 92' lang='grc' dir='ltr'>ιιι</span> <span class='ocrx_word' id='word_1_159' title='bbox 679 2319 876 2386; x_wconf 83' lang='lat' dir='ltr'>districtibus</span> <span class='ocrx_word' id='word_1_160' title='bbox 899 2319 1205 2384; x_wconf 83' lang='lat' dir='ltr'>Lutomemcensre</span> <span class='ocrx_word' id='word_1_161' title='bbox 1227 2317 1283 2383; x_wconf 86' lang='lat' dir='ltr'>Sa-</span> 
     </span>
     <span class='ocr_line' id='line_1_25' title="bbox 38 2411 1282 2520; baseline 0.002 -34"><span class='ocrx_word' id='word_1_162' title='bbox 38 2421 43 2520; x_wconf 58' lang='lat' dir='ltr'>t</span> <span class='ocrx_word' id='word_1_163' title='bbox 98 2427 193 2491; x_wconf 83' lang='lat' dir='ltr'>cuensi</span> <span class='ocrx_word' id='word_1_164' title='bbox 215 2425 438 2506; x_wconf 81' lang='lat' dir='ltr'>residentibus,</span> <span class='ocrx_word' id='word_1_165' title='bbox 462 2425 503 2490; x_wconf 88' lang='lat' dir='ltr'>ad</span> <span class='ocrx_word' id='word_1_166' title='bbox 525 2442 605 2508; x_wconf 90' lang='lat' dir='ltr'>quos</span> <span class='ocrx_word' id='word_1_167' title='bbox 633 2411 817 2507; x_wconf 84' lang='lat' dir='ltr'>praesentes</span> <span class='ocrx_word' id='word_1_168' title='bbox 844 2424 1054 2507; x_wconf 80' lang='lat' dir='ltr'>pervenerint,</span> <span class='ocrx_word' id='word_1_169' title='bbox 1087 2428 1213 2489; x_wconf 91' lang='lat' dir='ltr'>etcum</span> <span class='ocrx_word' id='word_1_170' title='bbox 1235 2424 1282 2489; x_wconf 87' lang='lat' dir='ltr'>eis</span> 
     </span>
     <span class='ocr_line' id='line_1_26' title="bbox 39 2525 614 2612; baseline 0 -18"><span class='ocrx_word' id='word_1_171' title='bbox 39 2559 41 2594; x_wconf 83' lang='lat' dir='ltr'>l</span> <span class='ocrx_word' id='word_1_172' title='bbox 98 2525 208 2595; x_wconf 80' lang='lat' dir='ltr'>luerim</span> <span class='ocrx_word' id='word_1_173' title='bbox 194 2529 375 2612; x_wconf 88' lang='lat' dir='ltr'>trequisiti</span> <span class='ocrx_word' id='word_1_174' title='bbox 398 2529 534 2611; x_wconf 85' lang='lat' dir='ltr'>gratiam</span> <span class='ocrx_word' id='word_1_175' title='bbox 556 2532 614 2595; x_wconf 87' lang='lat' dir='ltr'>eto.</span> 
     </span>
     <span class='ocr_line' id='line_1_27' title="bbox 39 2609 1282 2726; baseline -0.002 -27"><span class='ocrx_word' id='word_1_176' title='bbox 39 2609 43 2726; x_wconf 64' lang='grc' dir='ltr'>ι</span> <span class='ocrx_word' id='word_1_177' title='bbox 192 2634 319 2700; x_wconf 85' lang='lat' dir='ltr'>Fideles</span> <span class='ocrx_word' id='word_1_178' title='bbox 348 2633 474 2699; x_wconf 90' lang='lat' dir='ltr'>dilecti!</span> <span class='ocrx_word' id='word_1_179' title='bbox 507 2633 579 2698; x_wconf 86' lang='lat' dir='ltr'>Pati</span> <span class='ocrx_word' id='word_1_180' title='bbox 610 2633 762 2712; x_wconf 88' lang='lat' dir='ltr'>nolentes,</span> <span class='ocrx_word' id='word_1_181' title='bbox 797 2637 834 2697; x_wconf 93' lang='grc' dir='ltr'>ιιι</span> <span class='ocrx_word' id='word_1_182' title='bbox 855 2631 1043 2699; x_wconf 88' lang='lat' dir='ltr'>Wilhelmus</span> <span class='ocrx_word' id='word_1_183' title='bbox 1072 2633 1113 2699; x_wconf 91' lang='lat' dir='ltr'>de</span> <span class='ocrx_word' id='word_1_184' title='bbox 1141 2631 1192 2713; x_wconf 84' lang='grc' dir='ltr'>Η.,</span> <span class='ocrx_word' id='word_1_185' title='bbox 1227 2634 1282 2716; x_wconf 93' lang='lat' dir='ltr'>qui</span> 
     </span>
     <span class='ocr_line' id='line_1_28' title="bbox 39 2731 1282 2850; baseline 0 -48"><span class='ocrx_word' id='word_1_186' title='bbox 39 2731 47 2850; x_wconf 63' lang='grc' dir='ltr'>ι</span> <span class='ocrx_word' id='word_1_187' title='bbox 97 2738 211 2816; x_wconf 91' lang='lat' dir='ltr'>pridem</span> <span class='ocrx_word' id='word_1_188' title='bbox 231 2739 266 2804; x_wconf 93' lang='lat' dir='ltr'>in</span> <span class='ocrx_word' id='word_1_189' title='bbox 288 2738 490 2821; x_wconf 88' lang='lat' dir='ltr'>dispendium</span> <span class='ocrx_word' id='word_1_190' title='bbox 510 2737 626 2803; x_wconf 89' lang='lat' dir='ltr'>nobilis</span> <span class='ocrx_word' id='word_1_191' title='bbox 649 2735 750 2802; x_wconf 88' lang='lat' dir='ltr'>Ulrioi</span> <span class='ocrx_word' id='word_1_192' title='bbox 773 2737 814 2802; x_wconf 91' lang='lat' dir='ltr'>de</span> <span class='ocrx_word' id='word_1_193' title='bbox 836 2735 907 2817; x_wconf 85' lang='lat' dir='ltr'>Ha,</span> <span class='ocrx_word' id='word_1_194' title='bbox 937 2739 1079 2818; x_wconf 82' lang='lat' dir='ltr'>germani</span> <span class='ocrx_word' id='word_1_195' title='bbox 1101 2738 1160 2818; x_wconf 90' lang='lat' dir='ltr'>sui,</span> <span class='ocrx_word' id='word_1_196' title='bbox 1184 2755 1219 2803; x_wconf 88' lang='lat' dir='ltr'>se</span> <span class='ocrx_word' id='word_1_197' title='bbox 1241 2738 1282 2803; x_wconf 93' lang='lat' dir='ltr'>de</span> 
     </span>
     <span class='ocr_line' id='line_1_29' title="bbox 40 2841 1282 2925; baseline 0.002 -21"><span class='ocrx_word' id='word_1_198' title='bbox 40 2855 41 2870; x_wconf 29' lang='grc' dir='ltr'>ι</span> <span class='ocrx_word' id='word_1_199' title='bbox 98 2842 202 2908; x_wconf 91' lang='lat' dir='ltr'>eodem</span> <span class='ocrx_word' id='word_1_200' title='bbox 216 2848 320 2908; x_wconf 90' lang='lat' dir='ltr'>castro</span> <span class='ocrx_word' id='word_1_201' title='bbox 335 2861 393 2925; x_wconf 91' lang='lat' dir='ltr'>per</span> <span class='ocrx_word' id='word_1_202' title='bbox 407 2843 492 2907; x_wconf 83' lang='lat' dir='ltr'>viam</span> <span class='ocrx_word' id='word_1_203' title='bbox 507 2845 689 2907; x_wconf 85' lang='lat' dir='ltr'>extraneam</span> <span class='ocrx_word' id='word_1_204' title='bbox 710 2841 891 2921; x_wconf 86' lang='lat' dir='ltr'>intromisit,</span> <span class='ocrx_word' id='word_1_205' title='bbox 914 2860 971 2906; x_wconf 85' lang='lat' dir='ltr'>vos</span> <span class='ocrx_word' id='word_1_206' title='bbox 994 2847 1051 2907; x_wconf 90' lang='lat' dir='ltr'>aut</span> <span class='ocrx_word' id='word_1_207' title='bbox 1063 2842 1143 2908; x_wconf 90' lang='lat' dir='ltr'>alios</span> <span class='ocrx_word' id='word_1_208' title='bbox 1157 2846 1282 2907; x_wconf 91' lang='lat' dir='ltr'>nostros</span> 
     </span>
     <span class='ocr_line' id='line_1_30' title="bbox 40 2943 1282 3030; baseline 0.002 -22"><span class='ocrx_word' id='word_1_209' title='bbox 40 2949 45 3030; x_wconf 78' lang='grc' dir='ltr'>ι</span> <span class='ocrx_word' id='word_1_210' title='bbox 99 2950 128 3009; x_wconf 83' lang='grc' dir='ltr'>ιι</span> <span class='ocrx_word' id='word_1_211' title='bbox 148 2948 233 3030; x_wconf 84' lang='lat' dir='ltr'>regni</span> <span class='ocrx_word' id='word_1_212' title='bbox 255 2949 356 3012; x_wconf 91' lang='lat' dir='ltr'>nostri</span> <span class='ocrx_word' id='word_1_213' title='bbox 378 2947 529 3011; x_wconf 90' lang='lat' dir='ltr'>Boemiae</span> <span class='ocrx_word' id='word_1_214' title='bbox 550 2945 670 3010; x_wconf 85' lang='lat' dir='ltr'>incolas</span> <span class='ocrx_word' id='word_1_215' title='bbox 693 2950 726 3011; x_wconf 90' lang='lat' dir='ltr'>et</span> <span class='ocrx_word' id='word_1_216' title='bbox 747 2943 858 3011; x_wconf 88' lang='lat' dir='ltr'>fideles</span> <span class='ocrx_word' id='word_1_217' title='bbox 883 2947 916 3010; x_wconf 91' lang='lat' dir='ltr'>in</span> <span class='ocrx_word' id='word_1_218' title='bbox 939 2948 1082 3029; x_wconf 90' lang='lat' dir='ltr'>personis</span> <span class='ocrx_word' id='word_1_219' title='bbox 1105 2947 1282 3030; x_wconf 88' lang='lat' dir='ltr'>opprimere</span> 
     </span>
     <span class='ocr_line' id='line_1_31' title="bbox 99 3049 1283 3134; baseline 0.003 -21.81"><span class='ocrx_word' id='word_1_220' title='bbox 99 3066 150 3114; x_wconf 90' lang='lat' dir='ltr'>seu</span> <span class='ocrx_word' id='word_1_221' title='bbox 170 3051 203 3116; x_wconf 92' lang='lat' dir='ltr'>in</span> <span class='ocrx_word' id='word_1_222' title='bbox 231 3053 326 3118; x_wconf 90' lang='lat' dir='ltr'>rebus</span> <span class='ocrx_word' id='word_1_223' title='bbox 357 3056 453 3134; x_wconf 87' lang='lat' dir='ltr'>etque</span> <span class='ocrx_word' id='word_1_224' title='bbox 481 3049 572 3117; x_wconf 89' lang='lat' dir='ltr'>bonis</span> <span class='ocrx_word' id='word_1_225' title='bbox 603 3050 718 3116; x_wconf 87' lang='lat' dir='ltr'>vestris</span> <span class='ocrx_word' id='word_1_226' title='bbox 745 3049 862 3116; x_wconf 87' lang='lat' dir='ltr'>debeat</span> <span class='ocrx_word' id='word_1_227' title='bbox 889 3051 1071 3134; x_wconf 88' lang='lat' dir='ltr'>aliqualiter</span> <span class='ocrx_word' id='word_1_228' title='bbox 1099 3052 1283 3117; x_wconf 82' lang='lat' dir='ltr'>molestare:</span> 
     </span>
     <span class='ocr_line' id='line_1_32' title="bbox 40 3149 1284 3234; baseline 0 -14"><span class='ocrx_word' id='word_1_229' title='bbox 40 3149 46 3212; x_wconf 79' lang='grc' dir='ltr'>ι</span> <span class='ocrx_word' id='word_1_230' title='bbox 98 3155 231 3234; x_wconf 85' lang='lat' dir='ltr'>praefato</span> <span class='ocrx_word' id='word_1_231' title='bbox 254 3155 362 3222; x_wconf 87' lang='lat' dir='ltr'>Ulrico</span> <span class='ocrx_word' id='word_1_232' title='bbox 386 3156 426 3221; x_wconf 90' lang='lat' dir='ltr'>de</span> <span class='ocrx_word' id='word_1_233' title='bbox 448 3155 507 3220; x_wconf 87' lang='lat' dir='ltr'>Ha.</span> <span class='ocrx_word' id='word_1_234' title='bbox 533 3156 747 3220; x_wconf 81' lang='lat' dir='ltr'>commisimus</span> <span class='ocrx_word' id='word_1_235' title='bbox 770 3159 803 3219; x_wconf 92' lang='lat' dir='ltr'>et</span> <span class='ocrx_word' id='word_1_236' title='bbox 822 3154 967 3220; x_wconf 89' lang='lat' dir='ltr'>dedimus</span> <span class='ocrx_word' id='word_1_237' title='bbox 983 3157 1134 3222; x_wconf 90' lang='lat' dir='ltr'>seriosius</span> <span class='ocrx_word' id='word_1_238' title='bbox 1149 3158 1182 3221; x_wconf 91' lang='lat' dir='ltr'>in</span> <span class='ocrx_word' id='word_1_239' title='bbox 1196 3175 1284 3221; x_wconf 84' lang='lat' dir='ltr'>men-</span> 
     </span>
     <span class='ocr_line' id='line_1_33' title="bbox 100 3258 1284 3344; baseline 0.003 -21"><span class='ocrx_word' id='word_1_240' title='bbox 100 3258 184 3340; x_wconf 88' lang='lat' dir='ltr'>datis,</span> <span class='ocrx_word' id='word_1_241' title='bbox 208 3264 244 3325; x_wconf 93' lang='lat' dir='ltr'>ut</span> <span class='ocrx_word' id='word_1_242' title='bbox 258 3260 392 3344; x_wconf 85' lang='lat' dir='ltr'>praefati</span> <span class='ocrx_word' id='word_1_243' title='bbox 408 3258 569 3324; x_wconf 88' lang='lat' dir='ltr'>Wilhelmi</span> <span class='ocrx_word' id='word_1_244' title='bbox 585 3259 750 3325; x_wconf 87' lang='lat' dir='ltr'>conatibus</span> <span class='ocrx_word' id='word_1_245' title='bbox 771 3264 803 3324; x_wconf 91' lang='lat' dir='ltr'>et</span> <span class='ocrx_word' id='word_1_246' title='bbox 817 3261 996 3325; x_wconf 89' lang='lat' dir='ltr'>temerariis</span> <span class='ocrx_word' id='word_1_247' title='bbox 1011 3261 1139 3343; x_wconf 89' lang='lat' dir='ltr'>quidem</span> <span class='ocrx_word' id='word_1_248' title='bbox 1154 3261 1284 3327; x_wconf 85' lang='lat' dir='ltr'>ausibus</span> 
     </span>
     <span class='ocr_line' id='line_1_34' title="bbox 41 3363 1281 3449; baseline 0.004 -25"><span class='ocrx_word' id='word_1_249' title='bbox 41 3367 44 3376; x_wconf 64' lang='lat'><em>&#39;</em></span> <span class='ocrx_word' id='word_1_250' title='bbox 99 3364 246 3445; x_wconf 90' lang='lat' dir='ltr'>resistere,</span> <span class='ocrx_word' id='word_1_251' title='bbox 270 3369 389 3430; x_wconf 86' lang='lat' dir='ltr'>ettam</span> <span class='ocrx_word' id='word_1_252' title='bbox 411 3381 468 3428; x_wconf 90' lang='lat' dir='ltr'>vos</span> <span class='ocrx_word' id='word_1_253' title='bbox 490 3383 586 3446; x_wconf 86' lang='lat' dir='ltr'>quam</span> <span class='ocrx_word' id='word_1_254' title='bbox 608 3364 705 3429; x_wconf 90' lang='lat' dir='ltr'>etiam</span> <span class='ocrx_word' id='word_1_255' title='bbox 726 3363 806 3429; x_wconf 90' lang='lat' dir='ltr'>alios</span> <span class='ocrx_word' id='word_1_256' title='bbox 828 3363 962 3429; x_wconf 89' lang='lat' dir='ltr'>Nostros</span> <span class='ocrx_word' id='word_1_257' title='bbox 984 3363 1094 3430; x_wconf 90' lang='lat' dir='ltr'>fideles</span> <span class='ocrx_word' id='word_1_258' title='bbox 1117 3366 1157 3431; x_wconf 88' lang='lat' dir='ltr'>ab</span> <span class='ocrx_word' id='word_1_259' title='bbox 1179 3367 1281 3449; x_wconf 91' lang='lat' dir='ltr'>ipsius</span> 
     </span>
     <span class='ocr_line' id='line_1_35' title="bbox 102 3467 1285 3552; baseline 0.002 -22"><span class='ocrx_word' id='word_1_260' title='bbox 102 3471 130 3530; x_wconf 90' lang='lat' dir='ltr'>et</span> <span class='ocrx_word' id='word_1_261' title='bbox 158 3467 343 3552; x_wconf 84' lang='lat' dir='ltr'>complicum</span> <span class='ocrx_word' id='word_1_262' title='bbox 373 3469 441 3551; x_wconf 88' lang='lat' dir='ltr'>ejus</span> <span class='ocrx_word' id='word_1_263' title='bbox 478 3469 666 3549; x_wconf 88' lang='lat' dir='ltr'>incursibus,</span> <span class='ocrx_word' id='word_1_264' title='bbox 700 3468 855 3533; x_wconf 90' lang='lat' dir='ltr'>molestiis</span> <span class='ocrx_word' id='word_1_265' title='bbox 888 3472 985 3551; x_wconf 90' lang='lat' dir='ltr'>atque</span> <span class='ocrx_word' id='word_1_266' title='bbox 1018 3469 1140 3534; x_wconf 85' lang='lat' dir='ltr'>damnis</span> <span class='ocrx_word' id='word_1_267' title='bbox 1170 3470 1285 3534; x_wconf 87' lang='lat' dir='ltr'>debeat</span> 
     </span>
     <span class='ocr_line' id='line_1_36' title="bbox 101 3568 1285 3655; baseline 0.003 -22"><span class='ocrx_word' id='word_1_268' title='bbox 101 3568 227 3639; x_wconf 89' lang='lat' dir='ltr'>fideliter</span> <span class='ocrx_word' id='word_1_269' title='bbox 248 3574 421 3640; x_wconf 85' lang='lat' dir='ltr'>defensare.</span> <span class='ocrx_word' id='word_1_270' title='bbox 467 3573 621 3639; x_wconf 90' lang='lat' dir='ltr'>Volumus</span> <span class='ocrx_word' id='word_1_271' title='bbox 653 3574 752 3655; x_wconf 82' lang='lat' dir='ltr'>igitur</span> <span class='ocrx_word' id='word_1_272' title='bbox 782 3577 815 3638; x_wconf 91' lang='lat' dir='ltr'>et</span> <span class='ocrx_word' id='word_1_273' title='bbox 843 3571 989 3638; x_wconf 86' lang='lat' dir='ltr'>fidelitati</span> <span class='ocrx_word' id='word_1_274' title='bbox 1018 3577 1143 3640; x_wconf 88' lang='lat' dir='ltr'>vestrae</span> <span class='ocrx_word' id='word_1_275' title='bbox 1165 3574 1285 3639; x_wconf 89' lang='lat' dir='ltr'>seriose</span> 
     </span>
     <span class='ocr_line' id='line_1_37' title="bbox 102 3677 1284 3761; baseline 0.002 -22"><span class='ocrx_word' id='word_1_276' title='bbox 102 3678 314 3760; x_wconf 86' lang='lat' dir='ltr'>praecipiendo</span> <span class='ocrx_word' id='word_1_277' title='bbox 335 3679 531 3760; x_wconf 87' lang='lat' dir='ltr'>mandamus,</span> <span class='ocrx_word' id='word_1_278' title='bbox 562 3682 718 3761; x_wconf 89' lang='lat' dir='ltr'>quatenus</span> <span class='ocrx_word' id='word_1_279' title='bbox 747 3677 789 3743; x_wconf 88' lang='lat' dir='ltr'>ad</span> <span class='ocrx_word' id='word_1_280' title='bbox 811 3679 1049 3759; x_wconf 89' lang='lat' dir='ltr'>requisitionem</span> <span class='ocrx_word' id='word_1_281' title='bbox 1071 3678 1205 3761; x_wconf 85' lang='lat' dir='ltr'>praefati</span> <span class='ocrx_word' id='word_1_282' title='bbox 1227 3696 1284 3760; x_wconf 93' lang='lat' dir='ltr'>pro</span> 
     </span>
     <span class='ocr_line' id='line_1_38' title="bbox 102 3779 1286 3866; baseline 0.004 -25"><span class='ocrx_word' id='word_1_283' title='bbox 102 3779 297 3848; x_wconf 87' lang='lat' dir='ltr'>instauranda</span> <span class='ocrx_word' id='word_1_284' title='bbox 318 3802 375 3865; x_wconf 90' lang='lat' dir='ltr'>per</span> <span class='ocrx_word' id='word_1_285' title='bbox 404 3801 476 3848; x_wconf 94' lang='lat' dir='ltr'>eum</span> <span class='ocrx_word' id='word_1_286' title='bbox 507 3802 585 3866; x_wconf 87' lang='lat' dir='ltr'>pace</span> <span class='ocrx_word' id='word_1_287' title='bbox 609 3787 641 3848; x_wconf 92' lang='lat' dir='ltr'>et</span> <span class='ocrx_word' id='word_1_288' title='bbox 669 3782 879 3865; x_wconf 89' lang='lat' dir='ltr'>reprimendis</span> <span class='ocrx_word' id='word_1_289' title='bbox 901 3782 1036 3864; x_wconf 85' lang='lat' dir='ltr'>praefati</span> <span class='ocrx_word' id='word_1_290' title='bbox 1059 3781 1097 3849; x_wconf 92' lang='lat' dir='ltr'>U.</span> <span class='ocrx_word' id='word_1_291' title='bbox 1121 3783 1286 3848; x_wconf 82' lang='lat' dir='ltr'>conatibus</span> 
     </span>
     <span class='ocr_line' id='line_1_39' title="bbox 104 3886 1286 3971; baseline 0.002 -24"><span class='ocrx_word' id='word_1_292' title='bbox 104 3887 276 3953; x_wconf 87' lang='lat' dir='ltr'>assistentia</span> <span class='ocrx_word' id='word_1_293' title='bbox 298 3886 441 3953; x_wconf 88' lang='lat' dir='ltr'>debeatis</span> <span class='ocrx_word' id='word_1_294' title='bbox 465 3888 606 3954; x_wconf 86' lang='lat' dir='ltr'>consiliis</span> <span class='ocrx_word' id='word_1_295' title='bbox 625 3893 658 3953; x_wconf 91' lang='lat' dir='ltr'>et</span> <span class='ocrx_word' id='word_1_296' title='bbox 672 3887 800 3953; x_wconf 85' lang='lat' dir='ltr'>auxiliis</span> <span class='ocrx_word' id='word_1_297' title='bbox 815 3889 1008 3971; x_wconf 87' lang='lat' dir='ltr'>opportunis,</span> <span class='ocrx_word' id='word_1_298' title='bbox 1032 3888 1150 3952; x_wconf 87' lang='lat' dir='ltr'>nullam</span> <span class='ocrx_word' id='word_1_299' title='bbox 1172 3889 1204 3952; x_wconf 94' lang='lat' dir='ltr'>in</span> <span class='ocrx_word' id='word_1_300' title='bbox 1227 3887 1286 3950; x_wconf 91' lang='lat' dir='ltr'>boc</span> 
     </span>
     <span class='ocr_line' id='line_1_40' title="bbox 107 3992 996 4075; baseline 0.003 -22"><span class='ocrx_word' id='word_1_301' title='bbox 107 4007 224 4069; x_wconf 88' lang='lat' dir='ltr'>prorsus</span> <span class='ocrx_word' id='word_1_302' title='bbox 246 3993 472 4075; x_wconf 82' lang='lat' dir='ltr'>negligentiam</span> <span class='ocrx_word' id='word_1_303' title='bbox 491 3993 702 4066; x_wconf 77' lang='lat' dir='ltr'>commissuri.</span> <span class='ocrx_word' id='word_1_304' title='bbox 726 3992 845 4057; x_wconf 88' lang='lat' dir='ltr'>Datum</span> <span class='ocrx_word' id='word_1_305' title='bbox 867 3997 926 4056; x_wconf 87' lang='lat' dir='ltr'>etc.</span> <span class='ocrx_word' id='word_1_306' title='bbox 983 4049 996 4074; x_wconf 71' lang='grc'><em>,</em></span> 
     </span>
    </p>
   </div>
   <div class='ocr_carea' id='block_1_6' title="bbox 201 4128 702 4199">
    <p class='ocr_par' dir='ltr' id='par_1_10' title="bbox 201 4128 702 4199">
     <span class='ocr_line' id='line_1_41' title="bbox 201 4128 702 4199; baseline 0.002 -17"><span class='ocrx_word' id='word_1_307' title='bbox 201 4133 239 4196; x_wconf 76' lang='grc' dir='ltr'>(Ε</span> <span class='ocrx_word' id='word_1_308' title='bbox 255 4133 309 4184; x_wconf 79' lang='lat' dir='ltr'>cod.</span> <span class='ocrx_word' id='word_1_309' title='bbox 327 4128 454 4185; x_wconf 70' lang='lat' dir='ltr'>Trabea:</span> <span class='ocrx_word' id='word_1_310' title='bbox 472 4131 557 4187; x_wconf 78' lang='lat' dir='ltr'>Form.</span> <span class='ocrx_word' id='word_1_311' title='bbox 577 4134 613 4185; x_wconf 91' lang='lat' dir='ltr'>II.</span> <span class='ocrx_word' id='word_1_312' title='bbox 632 4133 702 4199; x_wconf 87' lang='grc'><strong><em>147.)</em></strong></span> 
     </span>
    </p>
   </div>
   <div class='ocr_carea' id='block_1_7' title="bbox 105 4303 1287 4492">
    <p class='ocr_par' dir='ltr' id='par_1_11' title="bbox 105 4303 1287 4492">
     <span class='ocr_line' id='line_1_42' title="bbox 198 4303 1287 4372; baseline -0.005 -1"><span class='ocrx_word' id='word_1_313' title='bbox 198 4306 472 4372; x_wconf 88' lang='lat' dir='ltr'>Wenoesleus</span> <span class='ocrx_word' id='word_1_314' title='bbox 495 4310 554 4370; x_wconf 88' lang='lat' dir='ltr'>etc.</span> <span class='ocrx_word' id='word_1_315' title='bbox 600 4306 726 4372; x_wconf 85' lang='lat' dir='ltr'>Fideles</span> <span class='ocrx_word' id='word_1_316' title='bbox 748 4306 873 4371; x_wconf 89' lang='lat' dir='ltr'>dilecti!</span> <span class='ocrx_word' id='word_1_317' title='bbox 909 4304 1071 4370; x_wconf 86' lang='lat' dir='ltr'>Fidelitati</span> <span class='ocrx_word' id='word_1_318' title='bbox 1093 4309 1218 4370; x_wconf 87' lang='lat' dir='ltr'>vestrae</span> <span class='ocrx_word' id='word_1_319' title='bbox 1240 4303 1287 4366; x_wconf 93' lang='lat' dir='ltr'>di-</span> 
     </span>
     <span class='ocr_line' id='line_1_43' title="bbox 105 4407 1286 4492; baseline 0.002 -22"><span class='ocrx_word' id='word_1_320' title='bbox 105 4410 204 4476; x_wconf 87' lang='lat' dir='ltr'>stricte</span> <span class='ocrx_word' id='word_1_321' title='bbox 233 4411 445 4492; x_wconf 88' lang='lat' dir='ltr'>praecipimus</span> <span class='ocrx_word' id='word_1_322' title='bbox 469 4415 501 4474; x_wconf 90' lang='lat' dir='ltr'>et</span> <span class='ocrx_word' id='word_1_323' title='bbox 530 4411 725 4488; x_wconf 86' lang='lat' dir='ltr'>mandemus,</span> <span class='ocrx_word' id='word_1_324' title='bbox 757 4413 913 4490; x_wconf 90' lang='lat' dir='ltr'>quatenus</span> <span class='ocrx_word' id='word_1_325' title='bbox 943 4410 1076 4490; x_wconf 79' lang='lat' dir='ltr'>singulis</span> <span class='ocrx_word' id='word_1_326' title='bbox 1105 4409 1218 4474; x_wconf 90' lang='lat' dir='ltr'>diebus</span> <span class='ocrx_word' id='word_1_327' title='bbox 1238 4407 1286 4472; x_wconf 86' lang='lat' dir='ltr'>fo-</span> 
     </span>
    </p>
   </div>
   <div class='ocr_carea' id='block_1_8' title="bbox 0 0 1628 5017">
    <p class='ocr_par' dir='ltr' id='par_1_12' title="bbox 0 0 1628 5017">
     <span class='ocr_line' id='line_1_44' title="bbox 0 0 1628 5017; baseline 0 0"><span class='ocrx_word' id='word_1_328' title='bbox 0 0 1628 5017; x_wconf 95' lang='lat' dir='ltr'> </span> 
     </span>
    </p>
   </div>
  </div>
 </body>
</html>
