3225 5017
563 347 627 417 Cap.
645 346 692 400 IX.
710 347 889 402 Universitas.
1268 353 1318 403 255

232 540 368 607 Kamlus
399 541 459 608 Dei
488 540 590 623 gratia
618 539 830 606 Romanorum
862 559 918 608 rex
946 559 1070 625 semper
1101 541 1264 624 Augustus
1287 545 1320 607 et
1389 621 1392 628 ¹

131 644 283 710 Boemiae
304 664 369 710 reu.

236 747 287 813 ad
309 753 495 832 perpetuam
516 750 563 816 rei
584 750 776 816 memoriam.

235 853 323 920 Inter
344 853 568 920 desiderabilia
590 854 695 928 cordis
716 854 826 920 Nostri
849 859 881 919 et
904 874 986 939 quae
1010 854 1192 937 cogitationi
1221 855 1320 936 regali

124 959 246 1044 jugiter
275 962 452 1039 occurrunt,
481 959 578 1025 animi
600 960 773 1043 praecipua
791 959 966 1028 reddimur
994 959 1153 1025 anxietate
1182 958 1318 1039 solliciti,

127 1064 311 1148 specialiter
333 1066 552 1130 convertentes
574 1064 675 1130 aciem
703 1065 818 1131 mentis
847 1063 994 1145 Nostrae,
1024 1064 1161 1148 qualiter
1189 1081 1320 1146 regnum

124 1170 278 1236 Nostrum
299 1168 459 1250 Boemias‚
482 1169 567 1252 quod
588 1187 666 1252 prae
688 1169 802 1236 ceteris
824 1168 1027 1236 hereditariis
1053 1172 1109 1235 aut
1134 1167 1320 1238 eufortunae

126 1272 347 1358 acquisitionis
384 1271 557 1339 honoribus
590 1276 623 1339 et
658 1273 913 1356 possessionibus
949 1273 1170 1356 praerogativa
1205 1271 1321 1339 mentis

126 1378 295 1446 affectione
317 1376 564 1460 complectimur,
588 1378 679 1460 cujus
701 1377 924 1443 exaltationem
945 1378 1040 1460 omni,
1064 1397 1128 1461 qua
1142 1393 1320 1460 possumus,

125 1485 294 1568 diligentia
315 1485 520 1567 procurantes
547 1481 650 1566 ipsius
680 1481 800 1562 honori,
831 1481 1022 1548 intendimus
1050 1482 1127 1548 totis
1157 1482 1320 1549 conatibus
1352 1469 1360 1482 ’

126 1595 161 1656 et
182 1588 287 1670 saluti,
322 1588 405 1655 sicut
436 1605 542 1652 rerum
563 1586 748 1653 victualium
770 1586 811 1652 ad
833 1586 1101 1669 dispensationem
1122 1586 1229 1654 Divini
1251 1583 1318 1651 Nu-

124 1694 220 1762 minis
249 1695 365 1758 natura
407 1689 582 1775 profluente
615 1690 787 1778 tripudiat,
816 1691 863 1756 sic
893 1690 934 1756 ad
962 1690 1099 1758 Nostrae
1131 1691 1320 1774 provisionis

126 1798 267 1864 edictum
289 1797 480 1880 prudentum
500 1796 641 1863 virorum
656 1797 747 1879 copia
760 1795 887 1862 Nostris
902 1793 1111 1863 artificialiter
1124 1795 1319 1879 temporibus

126 1901 304 1982 decoretur,
334 1906 372 1967 ut
402 1899 514 1967 fideles
535 1901 645 1967 Nostri
667 1901 855 1984 regnicolas,
890 1903 945 1985 qui
967 1901 1170 1968 scientiarum
1198 1899 1319 1967 fructus

122 2008 341 2074 indesinenter
361 2007 513 2087 esuriunt,
537 2025 594 2089 per
616 2007 720 2072 aliena
741 2007 923 2074 mendicare
946 2005 1098 2090 suffragia
1122 2023 1185 2072 nou
1207 2006 1318 2088 coacti,

123 2116 269 2196 paratam
289 2110 324 2176 in
344 2128 443 2194 reguo
464 2112 525 2178 sibi
547 2131 688 2178 mensam
714 2111 944 2195 propinationis
974 2110 1157 2193 inveniant,
1177 2115 1210 2177 et
1239 2127 1320 2194 quos

122 2217 322 2300 ingeniorum
342 2216 451 2282 natira
472 2216 631 2284 subtilitas
653 2216 703 2282 ad>
716 2217 848 2284 consilia
869 2216 976 2283 reddit
1001 2217 1196 2301 conspicuos,
1230 2216 1316 2282 litte-

122 2341 233 2388 rarum
260 2320 406 2386 scientia
437 2319 535 2386 faciat
567 2321 718 2403 eruditos,
758 2341 818 2388 nec
854 2323 956 2388 solum
993 2322 1220 2405 compellantur
1264 2323 1321 2386 aut

123 2443 358 2509 supervacuum
388 2429 536 2508 reputent
565 2426 606 2492 ad
635 2426 873 2510 investigandas
895 2445 1007 2511 gyrum
1036 2429 1140 2492 terrae
1169 2423 1318 2505 scientias

124 2532 274 2611 circuire,
294 2531 439 2597 nationes
455 2535 603 2615 expetere
618 2532 813 2615 peregrinas,
837 2535 893 2597 aut
908 2537 943 2597 ut
957 2533 1098 2614 ipsorum
1113 2530 1319 2596 ariditatibus

124 2632 271 2716 satisfiat,
295 2634 328 2700 in
346 2635 459 2701 alienis
473 2635 655 2718 regionibns
670 2635 861 2717 mendicare,
884 2635 941 2701 sed
956 2635 1127 2717 gloriosum
1141 2635 1318 2714 aestiment,

125 2744 293 2806 extraneos
316 2740 396 2805 alios
419 2739 460 2804 ad
482 2740 673 2805 suavitatem
707 2739 814 2805 odoris
845 2743 878 2805 et
907 2739 1109 2821 gratitudinis
1139 2737 1319 2822 hujusmodi
1415 2805 1418 2815 ,

125 2843 332 2928 participium
358 2862 499 2910 evocare.

231 2997 314 3066 Sane
336 3003 459 3066 uttam
481 3000 617 3067 salubris
643 3003 676 3067 et
696 2998 867 3067 laudabilis
894 2999 991 3065 animi
1021 3000 1183 3082 conceptio
1216 2999 1320 3083 pariat

124 3105 251 3171 fructus
280 3105 401 3188 dignos,
436 3106 524 3189 regni
553 3105 655 3190 ipsius
683 3104 813 3197 fastigia
841 3105 1065 3189 tripudialibus
1093 3104 1243 3172 novitatis
1264 3125 1319 3171 vo-

122 3210 225 3275 lentes
247 3209 397 3292 primitiis
420 3211 626 3294 augmentari,
648 3211 682 3276 in
703 3209 821 3277 Nostra
842 3209 994 3293 Pragsosi
1017 3209 1260 3292 metropolitana
1287 3214 1320 3274 et

123 3311 348 3380 amoenissima
381 3315 519 3395 civitate,
551 3335 646 3399 quam
678 3320 823 3382 terrenae
855 3314 1028 3381 fertilitatis
1058 3313 1255 3381 foecunditas
1286 3318 1318 3379 et

123 3417 324 3500 plenitudiue
344 3437 452 3485 rerum
475 3420 647 3485 amoenitas
669 3419 779 3485 localis
802 3418 940 3484 reddunt
954 3419 1076 3486 utiliter
1089 3422 1177 3485 tanto
1192 3417 1317 3500 negotio

125 3525 381 3604 oongrunentem,
412 3523 651 3604 instituendum,
680 3523 890 3590 ordinandum
911 3527 944 3588 et
965 3524 1005 3589 de
1026 3542 1108 3589 novo
1138 3521 1316 3602 creandum,

124 3625 270 3694 consulta
291 3627 403 3710 utique
425 3627 655 3694 deliberatione
667 3627 806 3710 praevia,
823 3627 969 3694 duximus
985 3625 1171 3694 Studium
1194 3623 1317 3691 Gene-

123 3730 223 3796 rale.
270 3729 308 3796 In
330 3749 393 3815 quo
417 3730 573 3814 siquidem
603 3731 710 3798 studio
741 3731 895 3812 doctores,
927 3730 1071 3813 magistri
1097 3734 1130 3795 et
1158 3728 1317 3795 scholares

125 3837 220 3899 eruut
240 3834 274 3900 in
298 3835 441 3918 qualibet
461 3833 621 3916 facultate,
646 3835 762 3920 quibus
792 3835 876 3901 bona
899 3833 1068 3916 magnifica
1096 3833 1318 3916 promittimus,

124 3941 158 4003 et
180 3937 221 4004 iis
243 3956 323 4022 quos
347 3938 460 4021 dignos
483 3938 664 4022 viderimus,
687 3937 807 4022 regalia
829 3938 960 4004 donaria
983 3935 1186 4004 conferemus.

228 4091 348 4160 Omnes
370 4098 403 4160 et
425 4094 566 4178 singulos
589 4096 743 4176 doctores,
765 4095 935 4178 magistros
959 4097 991 4160 et
1012 4093 1172 4162 scholares
1190 4095 1224 4159 in
1244 4113 1316 4178 pro-

120 4196 259 4264 fectione
281 4202 314 4263 et
335 4198 476 4280 qualibet
496 4198 647 4265 facultate
669 4218 707 4264 ac
728 4200 938 4283 undecunque
967 4198 1120 4280 venerint,
1151 4198 1314 4279 veniendo,

119 4300 271 4368 morando
294 4305 328 4367 et
346 4301 517 4383 redeundo,
541 4303 599 4370 sub
621 4303 757 4371 Nostrae
772 4302 951 4389 MaJestatis
972 4303 1104 4387 speciali
1118 4304 1313 4390 protectione

122 4409 156 4470 et
186 4405 276 4471 salva
308 4406 419 4487 gardia
449 4408 632 4490 retinentes,
665 4405 788 4476 firmam
824 4408 957 4491 siugulis
987 4405 1136 4476 fiduciam
1166 4409 1312 4490 oblaturi,
