3225 5017
229 330 279 379 362
560 322 624 395 Cap.
642 322 702 378 XII.
728 324 834 379 Stratus
853 329 880 377 61
898 324 1096 379 commercium.

332 518 382 584 24.
407 506 589 583 Telobea
610 516 651 582 in
672 514 783 581 Habr
805 519 846 581 et
866 514 1062 582 Viltmcv.
1088 516 1185 582 1341.

334 638 366 721 (J
375 658 394 705 o
403 658 479 705 ann
491 658 532 705 es
548 640 630 719 rex)
638 637 891 720 notumfacimus,
899 639 984 720 qnod
992 638 1034 705 ad
1041 638 1190 704 Nostram
1197 640 1327 704 veniens
1335 655 1427 719 prae-

231 746 364 811 sentiam
373 745 407 809 P.
420 744 517 811 abbas
527 745 560 809 in
572 742 767 823 Wilhemow,
778 742 879 808 Nobis
890 743 1045 826 quaedam
1056 744 1225 827 privilegia
1235 741 1425 807 Nostrorum

150 838 153 861 ⁴
229 849 518 932 praedecessorum,
539 851 604 912 tam
620 846 736 911 ducum
751 864 845 929 quarn
859 866 971 929 regum
987 848 1146 930 Boemiae,
1163 866 1259 931 super
1272 846 1427 912 libertati-

228 954 287 1019 bus
301 958 333 1018 et
348 952 438 1017 bools
454 942 555 1035 ipsius
570 951 752 1016 monasterii
770 950 1007 1033 demonstravit,
1023 954 1057 1017 in
1079 952 1194 1035 quibus
1210 950 1359 1035 specialis
1377 968 1428 1029 est

229 1058 346 1123 mentio
373 1061 405 1121 61
427 1056 612 1139 protestatio
642 1054 759 1136 babIta,
793 1056 930 1137 qualiter
950 1056 1097 1122 thelonea
1125 1058 1159 1121 in
1187 1056 1297 1123 Habm
1329 1059 1362 1121 et
1393 1054 1427 1120 in

229 1162 405 1227 Willemow
427 1162 489 1243 ipsi
512 1161 703 1227 (6666616116
726 1162 927 1243 incorporata
950 1166 1024 1226 sunt
1037 1180 1095 1244 per
1109 1161 1254 1243 eosdem;
1278 1160 1335 1226 sed
1349 1160 1426 1243 quia

229 1266 269 1331 (16
298 1267 477 1348 receptione
508 1265 690 1330 eorumdem
721 1284 758 1330 ex
782 1282 830 1345 ec,
860 1264 945 1347 quod
972 1266 1045 1349 ipsa
1074 1266 1107 1333 in
1136 1266 1216 1349 ipsis
1247 1265 1423 1347 privilegiis

232 1388 381 1452 expressa
403 1389 465 1435 nou
487 1368 621 1449 fuerant,
644 1388 733 1436 error
753 1374 786 1436 et
808 1371 1023 1437 controversia
1037 1372 1217 1452 insurrexit,
1240 1371 1310 1453 ipse
1326 1356 1425 1436 abbas

227 1476 352 1540 nomine
381 1476 479 1539 totius
509 1475 558 1541 sui
589 1478 761 1540 conventus
793 1472 894 1540 Nobis
929 1494 1000 1541 cum
1031 1476 1184 1542 instantia
1221 1474 1422 1558 supplicavit,

228 1582 382 1661 quatenus
406 1597 501 1662 super
523 1578 679 1643 dictorum
700 1578 918 1645 theloneorum
939 1581 1121 1662 receptione
1142 1579 1278 1662 diligens
1309 1579 1441 1645 scruti-·

227 1684 313 1749 nium
337 1688 370 1751 et
390 1683 628 1767 inquisitionem
649 1688 813 1766 expertam
838 1683 1027 1750 haberemus
1049 1704 1087 1749 ac
1102 1685 1275 1752 secundum
1290 1684 1425 1751 eandem

205 1867 208 1879 1
229 1789 385 1854 dictorum
395 1788 613 1854 theloneorum
623 1789 837 1872 receptionem
852 1786 1036 1871 specificare
1052 1790 1253 1872 dignaremur
1266 1809 1306 1855 ex
1321 1788 1424 1873 gratia

228 1892 366 1975 speciali.
390 1892 457 1958 Nos
478 1893 587 1975 itaque
609 1892 711 1975 ipsius
744 1893 952 1975 petitionibus
981 1894 1016 1959 in
1046 1893 1106 1960 bac
1135 1899 1227 1978 parte
1255 1893 1423 1976 benignius

227 2002 400 2063 annuentes
423 1995 622 2063 Sdenlronem
638 1997 677 2062 de
692 1995 934 2079 Wieczemilicz,
950 1997 1150 2064 Sdenkonem
1164 2000 1206 2065 (16
1219 1998 1422 2078 Maleschow,

228 2101 427 2168 Sdenkonem
449 2102 489 2167 (16
511 2102 674 2183 Dluschm,
699 2101 897 2186 Slayborium
919 2102 959 2169 (16
981 2102 1151 2187 1161166161,
1175 2103 1366 2173 Michaelem
1381 2102 1423 2167 de

226 2205 410 2288 Vrendnow,
433 2206 563 2272 Petrum
581 2206 620 2271 de
643 2205 778 2272 Olessna
800 2211 834 2272 61
854 2206 1023 2273 Jesconem
1044 2208 1085 2273 (16
1105 2208 1318 2289 (1166166166,
1340 2206 1421 2290 ipsis

227 2311 431 2377 assendentes
463 2310 621 2377 theloneis
652 2315 684 2375 et
712 2329 809 2393 super
838 2330 948 2377 eorum
976 2313 1157 2394 receptione
1185 2313 1338 2377 maiorem
1363 2311 1420 2375 ha-

226 2415 336 2481 bentes
358 2416 513 2497 notitiam,
536 2416 727 2497 vocaumus,
747 2418 835 2499 ipsos
852 2435 947 2499 super
961 2417 1142 2499 receptione
1163 2415 1347 2484 eorumdem
1362 2414 1421 2480 sub

222 2521 392 2603 juramenti
416 2521 605 2587 certitudine
626 2520 832 2603 requirentes.
865 2521 927 2599 Qui
948 2522 982 2586 in
1004 2520 1121 2587 Nostra
1144 2522 1307 2587 constituti
1329 2538 1421 2604 prae·

227 2626 336 2705 sentia,
360 2624 426 2689 Nos
450 2628 508 2692 sub
529 2626 707 2708 juramento
722 2622 823 2689 Nobis
838 2626 991 2707 praestito
1006 2624 1224 2707 informarunt,
1249 2626 1333 2709 quud
1348 2626 1420 2708 ipsa

223 2729 370 2793 thelonea
391 2733 519 2812 recepta
541 2731 605 2795 sint
627 2734 659 2795 61
680 2730 779 2812 recipi
801 2730 937 2795 debeant
958 2732 991 2795 in
1013 2730 1098 2795 hunc
1119 2731 1267 2797 modum:

329 2851 470 2917 Primum
491 2851 649 2932 videlicet,
673 2852 712 2917 de
729 2852 875 2933 quolibet
890 2870 983 2917 curru
998 2870 1119 2933 pannos
1133 2852 1259 2934 lIgatos
1285 2871 1420 2936 quorum

225 2956 361 3039 ligatura
390 2974 425 3022 se
454 2956 538 3021 ultra
567 2956 669 3021 scalas
699 2956 849 3037 extendit,
880 2960 1026 3039 portante
1055 2956 1193 3022 mediam
1223 2975 1361 3022 marcam
1387 2959 1419 3021 et

225 3060 362 3127 XXVIII
383 3077 510 3144 grossos
532 3059 724 3143 Pragenses3
754 3062 788 3125 iu
820 3080 914 3125 curru
943 3079 1019 3127 vero
1049 3079 1170 3144 pannos
1193 3060 1261 3127 sine
1282 3062 1421 3143 ligatura

226 3166 395 3247 deferente,
419 3167 459 3231 (16
482 3166 623 3248 quolibet
644 3166 778 3231 stamine
802 3166 881 3232 duos
901 3183 1016 3249 parvos
1032 3166 1187 3246 denarios,
1212 3184 1345 3247 quorum
1360 3164 1423 3229 XII

224 3268 345 3337 faciunt
366 3291 464 3338 unum
491 3289 643 3364 grossum.

326 3393 406 3459 Item
439 3394 479 3459 de
510 3413 604 3458 curru
633 3412 745 3476 magno
777 3412 882 3459 ceram
903 3394 1068 3459 dumtaxat
1095 3392 1260 3457 ducentem
1283 3391 1419 3457 mediam

225 3515 372 3576 marcam,
407 3498 440 3561 16
469 3500 576 3580 parvis
607 3515 680 3563 vero
713 3500 855 3565 curribus
887 3516 991 3563 ceram
1012 3496 1186 3562 ferentibus
1209 3496 1249 3561 de
1281 3496 1422 3577 quolibet

226 3601 406 3666 centenario
428 3600 444 3665 I
466 3620 618 3684 grossum.
1258 3591 1261 3597 ’

331 3723 411 3787 Item
434 3722 473 3787 (16
497 3723 638 3805 quolibet
663 3772 671 3787 .
696 3772 703 3787 .
729 3772 736 3788 .
761 3772 767 3787 .
791 3722 883 3788 lanae
904 3722 969 3787 IIII
995 3741 1119 3805 parvos.

327 3845 407 3909 Item
437 3842 476 3907 de
505 3842 715 3908 mercimoniis
745 3843 926 3908 Institorum
954 3844 1062 3925 ligatis
1096 3843 1136 3908 de
1166 3844 1307 3926 qualibet
1339 3842 1421 3924 figa-

223 3953 296 4012 1666
333 3966 390 4014 666
423 3965 529 4013 massa
560 3948 658 4029 ligata
691 3946 736 4012 Vl
768 3965 900 4029 parv0s3
944 3947 1089 4014 inst'tore
1119 3966 1193 4012 vero
1234 3950 1418 4013 transeunte

224 4071 345 4119 merces
370 4070 443 4117 suas
466 4054 499 4116 16
522 4052 615 4116 dorso
640 4050 800 4117 deferente
821 4051 869 4115 III
890 4070 1013 4133 parvos.

325 4175 407 4239 Item
430 4174 469 4238 (16
492 4193 587 4239 curru
610 4181 757 4241 stannum
779 4172 900 4239 ferente
914 4174 988 4239 XVI
1011 4193 1137 4256 parvos,
1169 4174 1246 4239 item
1267 4173 1306 4238 (16
1325 4191 1421 4238 curru

221 4279 385 4361 plumbum
414 4282 561 4361 portante
589 4280 652 4343 ΙΠΙ
673 4296 796 4361 parvos
825 4280 903 4344 item
933 4279 973 4343 de
996 4297 1090 4343 curru
1122 4297 1254 4361 cuprum
1286 4276 1418 4359 ferente,

223 4382 262 4447 (16
287 4385 429 4467 quolibet
453 4386 630 4453 centenario
652 4385 715 4449 ΙΙΠ
740 4402 865 4468 parvos.
889 4385 970 4449 Item
992 4385 1139 4451 6116111166
1161 4384 1201 4450 (16
1224 4402 1305 4451 aere.
