<?xml version="1.0" encoding="UTF-8"?>
<!DOCTYPE html PUBLIC "-//W3C//DTD XHTML 1.0 Transitional//EN"
    "http://www.w3.org/TR/xhtml1/DTD/xhtml1-transitional.dtd">
<html xmlns="http://www.w3.org/1999/xhtml" xml:lang="en" lang="en">
 <head>
  <title>
</title>
<meta http-equiv="Content-Type" content="text/html;charset=utf-8" />
  <meta name='ocr-system' content='tesseract 3.04.00' />
  <meta name='ocr-capabilities' content='ocr_page ocr_carea ocr_par ocr_line ocrx_word'/>
</head>
<body>
  <div class='ocr_page' id='page_1' title='image "./codexjurisbohem02kingoog_0213.png"; bbox 0 0 3225 5017; ppageno 0'>
   <div class='ocr_carea' id='block_1_1' title="bbox 455 319 1285 390">
    <p class='ocr_par' dir='ltr' id='par_1_1' title="bbox 455 319 1285 390">
     <span class='ocr_line' id='line_1_1' title="bbox 455 319 1285 390; baseline 0.002 -16"><span class='ocrx_word' id='word_1_1' title='bbox 455 319 520 390; x_wconf 81' lang='lat' dir='ltr'>Cap.</span> <span class='ocrx_word' id='word_1_2' title='bbox 538 319 611 373; x_wconf 88' lang='lat' dir='ltr'><strong>VIII.</strong></span> <span class='ocrx_word' id='word_1_3' title='bbox 635 319 690 374; x_wconf 85' lang='lat' dir='ltr'>Res</span> <span class='ocrx_word' id='word_1_4' title='bbox 709 321 919 376; x_wconf 85' lang='lat' dir='ltr'>ecclesiasticae.</span> <span class='ocrx_word' id='word_1_5' title='bbox 949 331 951 339; x_wconf 63' lang='lat'><strong>⁴</strong></span> <span class='ocrx_word' id='word_1_6' title='bbox 1236 331 1285 376; x_wconf 75' lang='lat'>203</span> 
     </span>
    </p>
   </div>
   <div class='ocr_carea' id='block_1_2' title="bbox 89 511 1303 4449">
    <p class='ocr_par' dir='ltr' id='par_1_2' title="bbox 89 511 1294 2159">
     <span class='ocr_line' id='line_1_2' title="bbox 201 511 1287 595; baseline 0.005 -20"><span class='ocrx_word' id='word_1_7' title='bbox 201 511 251 576; x_wconf 92' lang='lat' dir='ltr'>De</span> <span class='ocrx_word' id='word_1_8' title='bbox 272 512 332 576; x_wconf 90' lang='lat' dir='ltr'>hoc</span> <span class='ocrx_word' id='word_1_9' title='bbox 354 513 512 578; x_wconf 84' lang='lat' dir='ltr'>doluimus</span> <span class='ocrx_word' id='word_1_10' title='bbox 535 518 568 578; x_wconf 88' lang='lat' dir='ltr'>et</span> <span class='ocrx_word' id='word_1_11' title='bbox 589 514 732 579; x_wconf 83' lang='lat' dir='ltr'><strong>dolemus</strong></span> <span class='ocrx_word' id='word_1_12' title='bbox 754 514 902 593; x_wconf 78' lang='lat' dir='ltr'>maxime,</span> <span class='ocrx_word' id='word_1_13' title='bbox 931 515 1006 595; x_wconf 90' lang='lat' dir='ltr'>quia</span> <span class='ocrx_word' id='word_1_14' title='bbox 1028 519 1102 579; x_wconf 86' lang='lat' dir='ltr'>sunt</span> <span class='ocrx_word' id='word_1_15' title='bbox 1123 516 1287 580; x_wconf 90' lang='lat' dir='ltr'>credentes</span> 
     </span>
     <span class='ocr_line' id='line_1_3' title="bbox 91 615 1288 701; baseline 0.006 -23"><span class='ocrx_word' id='word_1_16' title='bbox 91 615 201 697; x_wconf 85' lang='lat' dir='ltr'>aliqui,</span> <span class='ocrx_word' id='word_1_17' title='bbox 224 621 256 680; x_wconf 91' lang='grc'>61</span> <span class='ocrx_word' id='word_1_18' title='bbox 278 617 363 699; x_wconf 93' lang='lat' dir='ltr'>quod</span> <span class='ocrx_word' id='word_1_19' title='bbox 386 622 435 682; x_wconf 91' lang='lat' dir='ltr'>est</span> <span class='ocrx_word' id='word_1_20' title='bbox 456 618 627 699; x_wconf 79' lang='lat' dir='ltr'>indignior,</span> <span class='ocrx_word' id='word_1_21' title='bbox 656 621 847 697; x_wconf 78' lang='lat' dir='ltr'>asserentes,</span> <span class='ocrx_word' id='word_1_22' title='bbox 877 617 938 682; x_wconf 87' lang='lat' dir='ltr'>hoo</span> <span class='ocrx_word' id='word_1_23' title='bbox 961 617 1001 682; x_wconf 93' lang='lat' dir='ltr'>de</span> <span class='ocrx_word' id='word_1_24' title='bbox 1022 618 1139 683; x_wconf 86' lang='lat' dir='ltr'>Nostro</span> <span class='ocrx_word' id='word_1_25' title='bbox 1161 619 1288 701; x_wconf 91' lang='lat' dir='ltr'>prodire</span> 
     </span>
     <span class='ocr_line' id='line_1_4' title="bbox 89 719 1290 806; baseline 0.004 -23"><span class='ocrx_word' id='word_1_26' title='bbox 89 719 299 801; x_wconf 87' lang='lat' dir='ltr'>beneplacito,</span> <span class='ocrx_word' id='word_1_27' title='bbox 322 719 363 785; x_wconf 88' lang='lat' dir='ltr'>de</span> <span class='ocrx_word' id='word_1_28' title='bbox 384 720 565 803; x_wconf 88' lang='lat' dir='ltr'>Nostroque</span> <span class='ocrx_word' id='word_1_29' title='bbox 588 721 699 787; x_wconf 87' lang='lat' dir='ltr'>venire</span> <span class='ocrx_word' id='word_1_30' title='bbox 722 739 895 800; x_wconf 80' lang='lat' dir='ltr'>concessu3</span> <span class='ocrx_word' id='word_1_31' title='bbox 925 721 1010 786; x_wconf 89' lang='lat' dir='ltr'>unde</span> <span class='ocrx_word' id='word_1_32' title='bbox 1038 727 1074 787; x_wconf 93' lang='lat' dir='ltr'>ut</span> <span class='ocrx_word' id='word_1_33' title='bbox 1103 727 1136 789; x_wconf 91' lang='lat' dir='ltr'>et</span> <span class='ocrx_word' id='word_1_34' title='bbox 1163 724 1290 806; x_wconf 89' lang='lat' dir='ltr'>praedi·</span> 
     </span>
     <span class='ocr_line' id='line_1_5' title="bbox 95 827 1289 909; baseline 0.006 -24"><span class='ocrx_word' id='word_1_35' title='bbox 95 827 219 888; x_wconf 84' lang='lat' dir='ltr'>storum</span> <span class='ocrx_word' id='word_1_36' title='bbox 242 830 445 891; x_wconf 85' lang='lat' dir='ltr'>conservetur</span> <span class='ocrx_word' id='word_1_37' title='bbox 477 828 611 893; x_wconf 88' lang='lat' dir='ltr'>assertio</span> <span class='ocrx_word' id='word_1_38' title='bbox 642 830 674 891; x_wconf 90' lang='lat' dir='ltr'>et</span> <span class='ocrx_word' id='word_1_39' title='bbox 703 845 738 891; x_wconf 91' lang='lat' dir='ltr'>os</span> <span class='ocrx_word' id='word_1_40' title='bbox 767 827 964 909; x_wconf 88' lang='lat' dir='ltr'>loquentium</span> <span class='ocrx_word' id='word_1_41' title='bbox 993 827 1069 892; x_wconf 87' lang='lat' dir='ltr'>talia</span> <span class='ocrx_word' id='word_1_42' title='bbox 1099 829 1289 908; x_wconf 88' lang='lat' dir='ltr'>obstruatur,</span> 
     </span>
     <span class='ocr_line' id='line_1_6' title="bbox 93 925 1291 1014; baseline 0.005 -24"><span class='ocrx_word' id='word_1_43' title='bbox 93 925 280 1009; x_wconf 89' lang='lat' dir='ltr'>profitemur</span> <span class='ocrx_word' id='word_1_44' title='bbox 301 933 334 994; x_wconf 93' lang='lat' dir='ltr'>et</span> <span class='ocrx_word' id='word_1_45' title='bbox 355 930 500 1011; x_wconf 87' lang='lat' dir='ltr'>dicimus,</span> <span class='ocrx_word' id='word_1_46' title='bbox 525 931 688 1014; x_wconf 87' lang='lat' dir='ltr'>praedicta</span> <span class='ocrx_word' id='word_1_47' title='bbox 716 933 842 995; x_wconf 92' lang='lat' dir='ltr'>omnino</span> <span class='ocrx_word' id='word_1_48' title='bbox 865 948 936 995; x_wconf 88' lang='lat' dir='ltr'>esse</span> <span class='ocrx_word' id='word_1_49' title='bbox 966 935 998 995; x_wconf 89' lang='lat' dir='ltr'>et</span> <span class='ocrx_word' id='word_1_50' title='bbox 1025 931 1125 996; x_wconf 89' lang='lat' dir='ltr'>fuisse</span> <span class='ocrx_word' id='word_1_51' title='bbox 1155 931 1291 996; x_wconf 81' lang='lat' dir='ltr'>Nostrae</span> 
     </span>
     <span class='ocr_line' id='line_1_7' title="bbox 96 1032 1290 1119; baseline 0.002 -23"><span class='ocrx_word' id='word_1_52' title='bbox 96 1032 251 1097; x_wconf 89' lang='lat' dir='ltr'>voluntati</span> <span class='ocrx_word' id='word_1_53' title='bbox 275 1035 440 1115; x_wconf 78' lang='lat' dir='ltr'>contraiis,</span> <span class='ocrx_word' id='word_1_54' title='bbox 464 1054 689 1119; x_wconf 87' lang='lat' dir='ltr'>nunquamque</span> <span class='ocrx_word' id='word_1_55' title='bbox 712 1035 753 1099; x_wconf 91' lang='lat' dir='ltr'>ad</span> <span class='ocrx_word' id='word_1_56' title='bbox 775 1035 836 1099; x_wconf 90' lang='lat' dir='ltr'>hoc</span> <span class='ocrx_word' id='word_1_57' title='bbox 858 1034 1011 1100; x_wconf 89' lang='lat' dir='ltr'>Nostrum</span> <span class='ocrx_word' id='word_1_58' title='bbox 1037 1036 1210 1102; x_wconf 85' lang='lat' dir='ltr'>accessisse</span> <span class='ocrx_word' id='word_1_59' title='bbox 1240 1035 1290 1100; x_wconf 89' lang='grc'>161</span> 
     </span>
     <span class='ocr_line' id='line_1_8' title="bbox 94 1135 1291 1222; baseline 0.004 -23"><span class='ocrx_word' id='word_1_60' title='bbox 94 1135 225 1201; x_wconf 87' lang='lat' dir='ltr'>affuisse</span> <span class='ocrx_word' id='word_1_61' title='bbox 247 1156 442 1205; x_wconf 88' lang='lat' dir='ltr'>consensum.</span> <span class='ocrx_word' id='word_1_62' title='bbox 465 1139 509 1204; x_wconf 87' lang='lat' dir='ltr'>Et</span> <span class='ocrx_word' id='word_1_63' title='bbox 530 1144 567 1203; x_wconf 92' lang='lat' dir='ltr'>ut</span> <span class='ocrx_word' id='word_1_64' title='bbox 587 1158 670 1222; x_wconf 88' lang='lat' dir='ltr'>quae</span> <span class='ocrx_word' id='word_1_65' title='bbox 691 1140 859 1221; x_wconf 92' lang='lat' dir='ltr'>loquimur,</span> <span class='ocrx_word' id='word_1_66' title='bbox 882 1140 930 1203; x_wconf 93' lang='lat' dir='ltr'>rei</span> <span class='ocrx_word' id='word_1_67' title='bbox 954 1137 1121 1205; x_wconf 81' lang='lat' dir='ltr'>confimat</span> <span class='ocrx_word' id='word_1_68' title='bbox 1151 1139 1291 1219; x_wconf 89' lang='lat' dir='ltr'>effectus,</span> 
     </span>
     <span class='ocr_line' id='line_1_9' title="bbox 93 1238 1292 1327; baseline 0.003 -23"><span class='ocrx_word' id='word_1_69' title='bbox 93 1238 297 1323; x_wconf 87' lang='lat' dir='ltr'>ratificamus,</span> <span class='ocrx_word' id='word_1_70' title='bbox 321 1244 532 1327; x_wconf 85' lang='lat' dir='ltr'>approbamus</span> <span class='ocrx_word' id='word_1_71' title='bbox 556 1248 649 1310; x_wconf 90' lang='lat' dir='ltr'>etex</span> <span class='ocrx_word' id='word_1_72' title='bbox 673 1247 759 1310; x_wconf 90' lang='lat' dir='ltr'>certa</span> <span class='ocrx_word' id='word_1_73' title='bbox 774 1263 812 1308; x_wconf 90' lang='lat' dir='ltr'>ac</span> <span class='ocrx_word' id='word_1_74' title='bbox 828 1243 1005 1308; x_wconf 88' lang='lat' dir='ltr'>deliberata</span> <span class='ocrx_word' id='word_1_75' title='bbox 1027 1242 1144 1309; x_wconf 89' lang='lat' dir='ltr'>Nostra</span> <span class='ocrx_word' id='word_1_76' title='bbox 1160 1243 1292 1308; x_wconf 90' lang='lat' dir='ltr'>scientia</span> 
     </span>
     <span class='ocr_line' id='line_1_10' title="bbox 96 1343 1293 1432; baseline 0.003 -23"><span class='ocrx_word' id='word_1_77' title='bbox 96 1343 317 1412; x_wconf 87' lang='lat' dir='ltr'>confirmamus</span> <span class='ocrx_word' id='word_1_78' title='bbox 351 1348 456 1414; x_wconf 91' lang='lat' dir='ltr'>omnia</span> <span class='ocrx_word' id='word_1_79' title='bbox 481 1349 564 1432; x_wconf 88' lang='lat' dir='ltr'>jura,</span> <span class='ocrx_word' id='word_1_80' title='bbox 595 1349 771 1430; x_wconf 90' lang='lat' dir='ltr'>privilegia,</span> <span class='ocrx_word' id='word_1_81' title='bbox 806 1348 979 1427; x_wconf 88' lang='lat' dir='ltr'>libertates,</span> <span class='ocrx_word' id='word_1_82' title='bbox 1013 1348 1227 1413; x_wconf 88' lang='lat' dir='ltr'>immunitates</span> <span class='ocrx_word' id='word_1_83' title='bbox 1260 1354 1293 1413; x_wconf 92' lang='lat' dir='ltr'>et</span> 
     </span>
     <span class='ocr_line' id='line_1_11' title="bbox 98 1451 1293 1535; baseline 0.003 -22"><span class='ocrx_word' id='word_1_84' title='bbox 98 1451 343 1517; x_wconf 89' lang='lat' dir='ltr'>consuetudines</span> <span class='ocrx_word' id='word_1_85' title='bbox 386 1453 488 1535; x_wconf 90' lang='lat' dir='ltr'>ipsius</span> <span class='ocrx_word' id='word_1_86' title='bbox 520 1453 689 1534; x_wconf 89' lang='lat' dir='ltr'>Pragensis</span> <span class='ocrx_word' id='word_1_87' title='bbox 723 1452 887 1531; x_wconf 84' lang='lat' dir='ltr'>ecclesiae,</span> <span class='ocrx_word' id='word_1_88' title='bbox 926 1452 1142 1535; x_wconf 87' lang='lat' dir='ltr'>cuiuscunque</span> <span class='ocrx_word' id='word_1_89' title='bbox 1174 1453 1293 1518; x_wconf 89' lang='lat' dir='ltr'>tenoris</span> 
     </span>
     <span class='ocr_line' id='line_1_12' title="bbox 100 1535 1293 1638; baseline 0.003 -21"><span class='ocrx_word' id='word_1_90' title='bbox 100 1554 152 1618; x_wconf 88' lang='lat' dir='ltr'>vel</span> <span class='ocrx_word' id='word_1_91' title='bbox 185 1535 456 1638; x_wconf 71' lang='lat' dir='ltr'>quorumcunque</span> <span class='ocrx_word' id='word_1_92' title='bbox 469 1560 614 1621; x_wconf 89' lang='lat' dir='ltr'>tenorum</span> <span class='ocrx_word' id='word_1_93' title='bbox 645 1556 790 1635; x_wconf 86' lang='lat' dir='ltr'>existant,</span> <span class='ocrx_word' id='word_1_94' title='bbox 822 1573 904 1637; x_wconf 86' lang='lat' dir='ltr'>quae</span> <span class='ocrx_word' id='word_1_95' title='bbox 932 1555 1044 1621; x_wconf 88' lang='lat' dir='ltr'>habuit</span> <span class='ocrx_word' id='word_1_96' title='bbox 1071 1557 1122 1622; x_wconf 91' lang='grc'>161</span> <span class='ocrx_word' id='word_1_97' title='bbox 1150 1556 1293 1624; x_wconf 89' lang='lat' dir='ltr'>habeta</span> 
     </span>
     <span class='ocr_line' id='line_1_13' title="bbox 99 1657 1293 1744; baseline 0.003 -23"><span class='ocrx_word' id='word_1_98' title='bbox 99 1657 340 1742; x_wconf 81' lang='lat' dir='ltr'>quibuscunque</span> <span class='ocrx_word' id='word_1_99' title='bbox 369 1660 668 1742; x_wconf 86' lang='lat' dir='ltr'>praedecessoribus</span> <span class='ocrx_word' id='word_1_100' title='bbox 694 1659 830 1740; x_wconf 86' lang='lat' dir='ltr'>Nostris,</span> <span class='ocrx_word' id='word_1_101' title='bbox 860 1660 1055 1742; x_wconf 86' lang='lat' dir='ltr'>principibus</span> <span class='ocrx_word' id='word_1_102' title='bbox 1084 1661 1136 1725; x_wconf 87' lang='lat' dir='ltr'>vel</span> <span class='ocrx_word' id='word_1_103' title='bbox 1165 1662 1293 1744; x_wconf 83' lang='lat' dir='ltr'>regibus</span> 
     </span>
     <span class='ocr_line' id='line_1_14' title="bbox 98 1763 1294 1848; baseline 0.003 -22"><span class='ocrx_word' id='word_1_104' title='bbox 98 1763 187 1844; x_wconf 88' lang='lat' dir='ltr'>regni</span> <span class='ocrx_word' id='word_1_105' title='bbox 209 1763 381 1830; x_wconf 89' lang='lat' dir='ltr'>Bohemiae</span> <span class='ocrx_word' id='word_1_106' title='bbox 411 1766 463 1830; x_wconf 91' lang='grc'>161</span> <span class='ocrx_word' id='word_1_107' title='bbox 496 1767 614 1831; x_wconf 90' lang='lat' dir='ltr'>asede</span> <span class='ocrx_word' id='word_1_108' title='bbox 636 1764 821 1848; x_wconf 87' lang='lat' dir='ltr'>Apostolica</span> <span class='ocrx_word' id='word_1_109' title='bbox 850 1764 883 1827; x_wconf 93' lang='lat' dir='ltr'>in</span> <span class='ocrx_word' id='word_1_110' title='bbox 913 1765 1043 1845; x_wconf 88' lang='lat' dir='ltr'>speciali</span> <span class='ocrx_word' id='word_1_111' title='bbox 1074 1769 1107 1830; x_wconf 94' lang='lat' dir='ltr'>et</span> <span class='ocrx_word' id='word_1_112' title='bbox 1135 1766 1232 1832; x_wconf 89' lang='lat' dir='ltr'>etiam</span> <span class='ocrx_word' id='word_1_113' title='bbox 1261 1767 1294 1830; x_wconf 93' lang='lat' dir='ltr'>in</span> 
     </span>
     <span class='ocr_line' id='line_1_15' title="bbox 104 1867 1293 1953; baseline 0.004 -22"><span class='ocrx_word' id='word_1_114' title='bbox 104 1869 270 1949; x_wconf 90' lang='lat' dir='ltr'>communi,</span> <span class='ocrx_word' id='word_1_115' title='bbox 300 1888 404 1953; x_wconf 88' lang='lat' dir='ltr'>eaque</span> <span class='ocrx_word' id='word_1_116' title='bbox 432 1889 490 1951; x_wconf 88' lang='lat' dir='ltr'>per</span> <span class='ocrx_word' id='word_1_117' title='bbox 517 1869 584 1934; x_wconf 94' lang='lat' dir='ltr'>Nos</span> <span class='ocrx_word' id='word_1_118' title='bbox 606 1871 693 1952; x_wconf 89' lang='lat' dir='ltr'>ipsos</span> <span class='ocrx_word' id='word_1_119' title='bbox 723 1867 856 1935; x_wconf 88' lang='lat' dir='ltr'>firmiter</span> <span class='ocrx_word' id='word_1_120' title='bbox 884 1872 992 1935; x_wconf 89' lang='lat' dir='ltr'>tenere</span> <span class='ocrx_word' id='word_1_121' title='bbox 1015 1889 1052 1934; x_wconf 89' lang='lat' dir='ltr'>ac</span> <span class='ocrx_word' id='word_1_122' title='bbox 1082 1870 1204 1936; x_wconf 89' lang='lat' dir='ltr'>illibata</span> <span class='ocrx_word' id='word_1_123' title='bbox 1227 1889 1293 1936; x_wconf 93' lang='lat' dir='ltr'>ser·</span> 
     </span>
     <span class='ocr_line' id='line_1_16' title="bbox 101 1974 1294 2058; baseline 0.003 -22"><span class='ocrx_word' id='word_1_124' title='bbox 101 1991 180 2038; x_wconf 83' lang='lat' dir='ltr'>vare</span> <span class='ocrx_word' id='word_1_125' title='bbox 201 1974 423 2055; x_wconf 88' lang='lat' dir='ltr'>promittimus,</span> <span class='ocrx_word' id='word_1_126' title='bbox 459 1978 492 2039; x_wconf 94' lang='lat' dir='ltr'>et</span> <span class='ocrx_word' id='word_1_127' title='bbox 514 1979 623 2041; x_wconf 88' lang='lat' dir='ltr'>contra</span> <span class='ocrx_word' id='word_1_128' title='bbox 645 1994 683 2040; x_wconf 91' lang='lat' dir='ltr'>ea</span> <span class='ocrx_word' id='word_1_129' title='bbox 706 1979 762 2039; x_wconf 90' lang='lat' dir='ltr'>aut</span> <span class='ocrx_word' id='word_1_130' title='bbox 784 1992 892 2039; x_wconf 90' lang='lat' dir='ltr'>eorum</span> <span class='ocrx_word' id='word_1_131' title='bbox 919 1974 1040 2055; x_wconf 89' lang='lat' dir='ltr'>aliquid</span> <span class='ocrx_word' id='word_1_132' title='bbox 1062 1974 1127 2039; x_wconf 94' lang='lat' dir='ltr'>ullo</span> <span class='ocrx_word' id='word_1_133' title='bbox 1156 1993 1294 2058; x_wconf 90' lang='lat' dir='ltr'>unquam</span> 
     </span>
     <span class='ocr_line' id='line_1_17' title="bbox 99 2080 469 2159; baseline 0.014 -19"><span class='ocrx_word' id='word_1_134' title='bbox 99 2080 241 2159; x_wconf 90' lang='lat' dir='ltr'>tempore</span> <span class='ocrx_word' id='word_1_135' title='bbox 263 2098 326 2144; x_wconf 93' lang='lat' dir='ltr'>non</span> <span class='ocrx_word' id='word_1_136' title='bbox 351 2081 469 2145; x_wconf 87' lang='lat' dir='ltr'>uenire.</span> 
     </span>
    </p>

    <p class='ocr_par' dir='ltr' id='par_1_3' title="bbox 96 2182 1300 3626">
     <span class='ocr_line' id='line_1_18' title="bbox 204 2182 1293 2267; baseline 0.002 -19"><span class='ocrx_word' id='word_1_137' title='bbox 204 2182 377 2266; x_wconf 83' lang='lat' dir='ltr'>Gapitaneo</span> <span class='ocrx_word' id='word_1_138' title='bbox 400 2202 535 2267; x_wconf 93' lang='lat' dir='ltr'>quoque,</span> <span class='ocrx_word' id='word_1_139' title='bbox 560 2186 614 2266; x_wconf 93' lang='lat' dir='ltr'>qui</span> <span class='ocrx_word' id='word_1_140' title='bbox 639 2203 722 2250; x_wconf 90' lang='lat' dir='ltr'>nunc</span> <span class='ocrx_word' id='word_1_141' title='bbox 745 2187 794 2250; x_wconf 89' lang='lat' dir='ltr'>est</span> <span class='ocrx_word' id='word_1_142' title='bbox 817 2188 849 2249; x_wconf 90' lang='lat' dir='ltr'>et</span> <span class='ocrx_word' id='word_1_143' title='bbox 872 2184 927 2266; x_wconf 91' lang='lat' dir='ltr'>qui</span> <span class='ocrx_word' id='word_1_144' title='bbox 950 2183 1068 2248; x_wconf 89' lang='lat' dir='ltr'>fuerint</span> <span class='ocrx_word' id='word_1_145' title='bbox 1088 2185 1121 2248; x_wconf 96' lang='lat' dir='ltr'>in</span> <span class='ocrx_word' id='word_1_146' title='bbox 1143 2183 1293 2263; x_wconf 85' lang='lat' dir='ltr'>futurum,</span> 
     </span>
     <span class='ocr_line' id='line_1_19' title="bbox 98 2286 1297 2372; baseline 0.002 -22"><span class='ocrx_word' id='word_1_147' title='bbox 98 2286 271 2352; x_wconf 89' lang='lat' dir='ltr'>baronibus</span> <span class='ocrx_word' id='word_1_148' title='bbox 295 2288 391 2353; x_wconf 90' lang='lat' dir='ltr'>etiam</span> <span class='ocrx_word' id='word_1_149' title='bbox 421 2292 455 2354; x_wconf 93' lang='grc'>61</span> <span class='ocrx_word' id='word_1_150' title='bbox 479 2288 648 2370; x_wconf 90' lang='lat' dir='ltr'>nobilibus,</span> <span class='ocrx_word' id='word_1_151' title='bbox 679 2289 836 2355; x_wconf 84' lang='lat' dir='ltr'>uniuersis</span> <span class='ocrx_word' id='word_1_152' title='bbox 856 2288 1053 2372; x_wconf 88' lang='lat' dir='ltr'>justiciariis,</span> <span class='ocrx_word' id='word_1_153' title='bbox 1082 2288 1245 2371; x_wconf 87' lang='lat' dir='ltr'>judicibus</span> <span class='ocrx_word' id='word_1_154' title='bbox 1264 2293 1297 2354; x_wconf 90' lang='lat' dir='ltr'>et</span> 
     </span>
     <span class='ocr_line' id='line_1_20' title="bbox 99 2391 1296 2477; baseline 0.003 -22"><span class='ocrx_word' id='word_1_155' title='bbox 99 2391 282 2457; x_wconf 89' lang='lat' dir='ltr'>oonsulibus</span> <span class='ocrx_word' id='word_1_156' title='bbox 306 2393 481 2474; x_wconf 83' lang='lat' dir='ltr'>civitatum,</span> <span class='ocrx_word' id='word_1_157' title='bbox 504 2393 620 2459; x_wconf 87' lang='lat' dir='ltr'>vicillis</span> <span class='ocrx_word' id='word_1_158' title='bbox 635 2393 843 2477; x_wconf 89' lang='lat' dir='ltr'>omnibusque</span> <span class='ocrx_word' id='word_1_159' title='bbox 859 2393 891 2457; x_wconf 96' lang='lat' dir='ltr'>in</span> <span class='ocrx_word' id='word_1_160' title='bbox 908 2393 1066 2458; x_wconf 89' lang='lat' dir='ltr'>communi</span> <span class='ocrx_word' id='word_1_161' title='bbox 1085 2412 1296 2476; x_wconf 88' lang='lat' dir='ltr'>quancunque</span> 
     </span>
     <span class='ocr_line' id='line_1_21' title="bbox 98 2494 1297 2580; baseline 0 -20"><span class='ocrx_word' id='word_1_162' title='bbox 98 2514 139 2560; x_wconf 92' lang='lat' dir='ltr'>ex</span> <span class='ocrx_word' id='word_1_163' title='bbox 162 2494 262 2562; x_wconf 89' lang='lat' dir='ltr'>Nobis</span> <span class='ocrx_word' id='word_1_164' title='bbox 285 2498 337 2562; x_wconf 91' lang='grc'>161</span> <span class='ocrx_word' id='word_1_165' title='bbox 359 2516 398 2563; x_wconf 86' lang='lat' dir='ltr'>ex</span> <span class='ocrx_word' id='word_1_166' title='bbox 420 2497 658 2563; x_wconf 89' lang='lat' dir='ltr'>successoribus</span> <span class='ocrx_word' id='word_1_167' title='bbox 679 2496 806 2562; x_wconf 85' lang='lat' dir='ltr'>Nostris</span> <span class='ocrx_word' id='word_1_168' title='bbox 829 2497 862 2561; x_wconf 96' lang='lat' dir='ltr'>in</span> <span class='ocrx_word' id='word_1_169' title='bbox 884 2515 980 2580; x_wconf 87' lang='lat' dir='ltr'>regno</span> <span class='ocrx_word' id='word_1_170' title='bbox 1012 2495 1186 2561; x_wconf 89' lang='lat' dir='ltr'>Bohemiae</span> <span class='ocrx_word' id='word_1_171' title='bbox 1213 2515 1297 2560; x_wconf 88' lang='lat' dir='ltr'>nunc</span> 
     </span>
     <span class='ocr_line' id='line_1_22' title="bbox 96 2598 1297 2684; baseline 0 -19"><span class='ocrx_word' id='word_1_172' title='bbox 96 2604 291 2683; x_wconf 88' lang='lat' dir='ltr'>potestatem</span> <span class='ocrx_word' id='word_1_173' title='bbox 311 2601 500 2669; x_wconf 88' lang='lat' dir='ltr'>habentibus</span> <span class='ocrx_word' id='word_1_174' title='bbox 522 2603 573 2667; x_wconf 87' lang='lat' dir='ltr'>uel</span> <span class='ocrx_word' id='word_1_175' title='bbox 602 2603 809 2684; x_wconf 87' lang='lat' dir='ltr'>imposterum</span> <span class='ocrx_word' id='word_1_176' title='bbox 837 2601 1004 2681; x_wconf 90' lang='lat' dir='ltr'>habituris,</span> <span class='ocrx_word' id='word_1_177' title='bbox 1041 2601 1100 2667; x_wconf 85' lang='lat' dir='ltr'>sub</span> <span class='ocrx_word' id='word_1_178' title='bbox 1133 2598 1297 2667; x_wconf 90' lang='lat' dir='ltr'>fidelitatis</span> 
     </span>
     <span class='ocr_line' id='line_1_23' title="bbox 98 2704 1297 2790; baseline 0.001 -20"><span class='ocrx_word' id='word_1_179' title='bbox 98 2705 209 2770; x_wconf 87' lang='lat' dir='ltr'>debito</span> <span class='ocrx_word' id='word_1_180' title='bbox 230 2706 424 2790; x_wconf 88' lang='lat' dir='ltr'>injungimus</span> <span class='ocrx_word' id='word_1_181' title='bbox 446 2726 504 2789; x_wconf 90' lang='lat' dir='ltr'>per·</span> <span class='ocrx_word' id='word_1_182' title='bbox 525 2711 719 2789; x_wconf 79' lang='lat' dir='ltr'>praesentes,</span> <span class='ocrx_word' id='word_1_183' title='bbox 742 2711 898 2789; x_wconf 90' lang='lat' dir='ltr'>quatenus</span> <span class='ocrx_word' id='word_1_184' title='bbox 920 2707 1025 2771; x_wconf 92' lang='lat' dir='ltr'>omnia</span> <span class='ocrx_word' id='word_1_185' title='bbox 1039 2704 1208 2788; x_wconf 84' lang='lat' dir='ltr'>praedicta</span> <span class='ocrx_word' id='word_1_186' title='bbox 1221 2706 1297 2771; x_wconf 85' lang='lat' dir='ltr'>Pra-</span> 
     </span>
     <span class='ocr_line' id='line_1_24' title="bbox 98 2810 1297 2893; baseline 0.005 -20"><span class='ocrx_word' id='word_1_187' title='bbox 98 2811 209 2892; x_wconf 90' lang='lat' dir='ltr'>gensis</span> <span class='ocrx_word' id='word_1_188' title='bbox 243 2810 398 2875; x_wconf 88' lang='lat' dir='ltr'>ecclesiae</span> <span class='ocrx_word' id='word_1_189' title='bbox 431 2811 575 2893; x_wconf 88' lang='lat' dir='ltr'>personis</span> <span class='ocrx_word' id='word_1_190' title='bbox 609 2811 678 2875; x_wconf 91' lang='lat' dir='ltr'>eius</span> <span class='ocrx_word' id='word_1_191' title='bbox 702 2811 770 2874; x_wconf 90' lang='lat' dir='ltr'>sine</span> <span class='ocrx_word' id='word_1_192' title='bbox 792 2811 899 2891; x_wconf 89' lang='lat' dir='ltr'>aliqua</span> <span class='ocrx_word' id='word_1_193' title='bbox 922 2810 1129 2875; x_wconf 91' lang='lat' dir='ltr'>diminutione</span> <span class='ocrx_word' id='word_1_194' title='bbox 1160 2814 1297 2890; x_wconf 89' lang='lat' dir='ltr'>teneant,</span> 
     </span>
     <span class='ocr_line' id='line_1_25' title="bbox 99 2914 1297 2998; baseline 0.001 -18"><span class='ocrx_word' id='word_1_195' title='bbox 99 2933 238 2998; x_wconf 89' lang='lat' dir='ltr'>eamque</span> <span class='ocrx_word' id='word_1_196' title='bbox 260 2916 293 2980; x_wconf 94' lang='lat' dir='ltr'>in</span> <span class='ocrx_word' id='word_1_197' title='bbox 313 2915 363 2980; x_wconf 90' lang='lat' dir='ltr'>his</span> <span class='ocrx_word' id='word_1_198' title='bbox 386 2914 522 2995; x_wconf 84' lang='lat' dir='ltr'>foveant,</span> <span class='ocrx_word' id='word_1_199' title='bbox 546 2919 713 2996; x_wconf 84' lang='lat' dir='ltr'>protegant</span> <span class='ocrx_word' id='word_1_200' title='bbox 736 2919 769 2979; x_wconf 94' lang='lat' dir='ltr'>et</span> <span class='ocrx_word' id='word_1_201' title='bbox 800 2918 996 2994; x_wconf 82' lang='lat' dir='ltr'>conservent,</span> <span class='ocrx_word' id='word_1_202' title='bbox 1033 2915 1143 2995; x_wconf 85' lang='lat' dir='ltr'>sicque</span> <span class='ocrx_word' id='word_1_203' title='bbox 1172 2915 1205 2979; x_wconf 92' lang='lat' dir='ltr'>in</span> <span class='ocrx_word' id='word_1_204' title='bbox 1237 2914 1297 2981; x_wconf 92' lang='lat' dir='ltr'>hoc</span> 
     </span>
     <span class='ocr_line' id='line_1_26' title="bbox 106 3019 1300 3103; baseline 0 -19"><span class='ocrx_word' id='word_1_205' title='bbox 106 3024 256 3103; x_wconf 91' lang='lat' dir='ltr'>prompta</span> <span class='ocrx_word' id='word_1_206' title='bbox 279 3021 463 3086; x_wconf 85' lang='lat' dir='ltr'>executione</span> <span class='ocrx_word' id='word_1_207' title='bbox 486 3037 521 3084; x_wconf 91' lang='lat' dir='ltr'>se</span> <span class='ocrx_word' id='word_1_208' title='bbox 542 3022 662 3101; x_wconf 85' lang='lat' dir='ltr'>gerant,</span> <span class='ocrx_word' id='word_1_209' title='bbox 685 3021 721 3082; x_wconf 91' lang='lat' dir='ltr'>ut</span> <span class='ocrx_word' id='word_1_210' title='bbox 735 3036 794 3098; x_wconf 93' lang='lat' dir='ltr'>per</span> <span class='ocrx_word' id='word_1_211' title='bbox 806 3019 966 3100; x_wconf 89' lang='lat' dir='ltr'>praelatos</span> <span class='ocrx_word' id='word_1_212' title='bbox 982 3023 1015 3082; x_wconf 92' lang='lat' dir='ltr'>et</span> <span class='ocrx_word' id='word_1_213' title='bbox 1030 3021 1195 3085; x_wconf 88' lang='lat' dir='ltr'>canonicos</span> <span class='ocrx_word' id='word_1_214' title='bbox 1209 3039 1300 3103; x_wconf 87' lang='lat' dir='ltr'>prae-</span> 
     </span>
     <span class='ocr_line' id='line_1_27' title="bbox 97 3123 1297 3207; baseline -0.002 -17"><span class='ocrx_word' id='word_1_215' title='bbox 97 3127 207 3191; x_wconf 87' lang='lat' dir='ltr'>dictae</span> <span class='ocrx_word' id='word_1_216' title='bbox 228 3124 397 3207; x_wconf 86' lang='lat' dir='ltr'>Pragensis</span> <span class='ocrx_word' id='word_1_217' title='bbox 418 3124 572 3189; x_wconf 88' lang='lat' dir='ltr'>ecclesiae</span> <span class='ocrx_word' id='word_1_218' title='bbox 594 3141 690 3204; x_wconf 89' lang='lat' dir='ltr'>super</span> <span class='ocrx_word' id='word_1_219' title='bbox 711 3123 762 3188; x_wconf 87' lang='lat' dir='ltr'>his</span> <span class='ocrx_word' id='word_1_220' title='bbox 783 3141 845 3187; x_wconf 94' lang='lat' dir='ltr'>non</span> <span class='ocrx_word' id='word_1_221' title='bbox 880 3127 1046 3206; x_wconf 92' lang='lat' dir='ltr'>opporteat</span> <span class='ocrx_word' id='word_1_222' title='bbox 1081 3143 1138 3189; x_wconf 88' lang='lat' dir='ltr'>noa</span> <span class='ocrx_word' id='word_1_223' title='bbox 1162 3143 1297 3204; x_wconf 85' lang='lat' dir='ltr'>movere,</span> 
     </span>
     <span class='ocr_line' id='line_1_28' title="bbox 100 3227 1299 3311; baseline -0.001 -16"><span class='ocrx_word' id='word_1_224' title='bbox 100 3231 269 3311; x_wconf 89' lang='lat' dir='ltr'>sciantque</span> <span class='ocrx_word' id='word_1_225' title='bbox 305 3247 414 3294; x_wconf 89' lang='lat' dir='ltr'>omnes</span> <span class='ocrx_word' id='word_1_226' title='bbox 447 3228 664 3309; x_wconf 88' lang='lat' dir='ltr'>cuiuscunque</span> <span class='ocrx_word' id='word_1_227' title='bbox 698 3227 887 3292; x_wconf 87' lang='lat' dir='ltr'>conditionis</span> <span class='ocrx_word' id='word_1_228' title='bbox 924 3229 991 3294; x_wconf 84' lang='lat' dir='ltr'>siue</span> <span class='ocrx_word' id='word_1_229' title='bbox 1031 3229 1299 3311; x_wconf 89' lang='lat' dir='ltr'>praeeminentiae</span> 
     </span>
     <span class='ocr_line' id='line_1_29' title="bbox 100 3331 1299 3416; baseline -0.002 -16"><span class='ocrx_word' id='word_1_230' title='bbox 100 3335 223 3400; x_wconf 87' lang='lat' dir='ltr'>fuerint</span> <span class='ocrx_word' id='word_1_231' title='bbox 255 3335 323 3401; x_wconf 86' lang='lat' dir='ltr'>sive</span> <span class='ocrx_word' id='word_1_232' title='bbox 355 3338 466 3413; x_wconf 87' lang='lat' dir='ltr'>status,</span> <span class='ocrx_word' id='word_1_233' title='bbox 501 3332 556 3414; x_wconf 94' lang='lat' dir='ltr'>qui</span> <span class='ocrx_word' id='word_1_234' title='bbox 589 3332 651 3414; x_wconf 86' lang='lat' dir='ltr'>ipsi</span> <span class='ocrx_word' id='word_1_235' title='bbox 683 3331 835 3413; x_wconf 90' lang='lat' dir='ltr'>Pragensi</span> <span class='ocrx_word' id='word_1_236' title='bbox 867 3333 1021 3398; x_wconf 90' lang='lat' dir='ltr'>ecclesiae</span> <span class='ocrx_word' id='word_1_237' title='bbox 1051 3333 1215 3416; x_wconf 88' lang='lat' dir='ltr'>praedicta</span> <span class='ocrx_word' id='word_1_238' title='bbox 1248 3334 1299 3399; x_wconf 86' lang='lat' dir='ltr'>rel</span> 
     </span>
     <span class='ocr_line' id='line_1_30' title="bbox 102 3435 1299 3521; baseline -0.003 -17"><span class='ocrx_word' id='word_1_239' title='bbox 102 3439 227 3521; x_wconf 87' lang='lat' dir='ltr'>aliquid</span> <span class='ocrx_word' id='word_1_240' title='bbox 249 3439 483 3521; x_wconf 87' lang='lat' dir='ltr'>praedictorum</span> <span class='ocrx_word' id='word_1_241' title='bbox 497 3435 692 3518; x_wconf 80' lang='lat' dir='ltr'>infregerint,</span> <span class='ocrx_word' id='word_1_242' title='bbox 715 3437 817 3501; x_wconf 88' lang='lat' dir='ltr'>teneri</span> <span class='ocrx_word' id='word_1_243' title='bbox 833 3454 868 3501; x_wconf 92' lang='lat' dir='ltr'>se</span> <span class='ocrx_word' id='word_1_244' title='bbox 883 3437 923 3502; x_wconf 91' lang='lat' dir='ltr'>ad</span> <span class='ocrx_word' id='word_1_245' title='bbox 938 3438 1146 3503; x_wconf 78' lang='lat' dir='ltr'>resarcionem</span> <span class='ocrx_word' id='word_1_246' title='bbox 1161 3438 1299 3503; x_wconf 93' lang='lat' dir='ltr'>omnium</span> 
     </span>
     <span class='ocr_line' id='line_1_31' title="bbox 102 3540 805 3626; baseline -0.006 -18"><span class='ocrx_word' id='word_1_247' title='bbox 102 3561 324 3626; x_wconf 89' lang='lat' dir='ltr'>expensarum,</span> <span class='ocrx_word' id='word_1_248' title='bbox 348 3542 533 3607; x_wconf 88' lang='lat' dir='ltr'>damnorum</span> <span class='ocrx_word' id='word_1_249' title='bbox 555 3543 588 3604; x_wconf 92' lang='lat' dir='ltr'>et</span> <span class='ocrx_word' id='word_1_250' title='bbox 609 3540 772 3604; x_wconf 89' lang='lat' dir='ltr'>interesse.</span> <span class='ocrx_word' id='word_1_251' title='bbox 802 3583 805 3588; x_wconf 90' lang='lat'>-</span> 
     </span>
    </p>

    <p class='ocr_par' dir='ltr' id='par_1_4' title="bbox 103 3645 1303 4449">
     <span class='ocr_line' id='line_1_32' title="bbox 211 3645 1300 3731; baseline -0.001 -19"><span class='ocrx_word' id='word_1_252' title='bbox 211 3649 411 3731; x_wconf 85' lang='lat' dir='ltr'>Quapropter</span> <span class='ocrx_word' id='word_1_253' title='bbox 432 3645 665 3728; x_wconf 86' lang='lat' dir='ltr'>praedictorum</span> <span class='ocrx_word' id='word_1_254' title='bbox 680 3645 883 3710; x_wconf 88' lang='lat' dir='ltr'>violationem</span> <span class='ocrx_word' id='word_1_255' title='bbox 897 3646 999 3728; x_wconf 88' lang='lat' dir='ltr'>ipsam</span> <span class='ocrx_word' id='word_1_256' title='bbox 1014 3645 1184 3728; x_wconf 88' lang='lat' dir='ltr'>Pragensis</span> <span class='ocrx_word' id='word_1_257' title='bbox 1200 3647 1300 3712; x_wconf 90' lang='grc'><strong>66616-</strong></span> 
     </span>
     <span class='ocr_line' id='line_1_33' title="bbox 103 3750 1301 3832; baseline -0.003 -14"><span class='ocrx_word' id='word_1_258' title='bbox 103 3755 175 3818; x_wconf 88' lang='lat' dir='ltr'>siae</span> <span class='ocrx_word' id='word_1_259' title='bbox 197 3756 230 3817; x_wconf 91' lang='lat' dir='ltr'>et</span> <span class='ocrx_word' id='word_1_260' title='bbox 250 3751 420 3816; x_wconf 87' lang='lat' dir='ltr'>cuiuslibet</span> <span class='ocrx_word' id='word_1_261' title='bbox 441 3751 482 3815; x_wconf 88' lang='lat' dir='ltr'>de</span> <span class='ocrx_word' id='word_1_262' title='bbox 505 3750 640 3816; x_wconf 87' lang='lat' dir='ltr'>ecclesia</span> <span class='ocrx_word' id='word_1_263' title='bbox 661 3753 814 3832; x_wconf 88' lang='lat' dir='ltr'>tanquam</span> <span class='ocrx_word' id='word_1_264' title='bbox 841 3752 880 3815; x_wconf 87' lang='lat' dir='ltr'>de</span> <span class='ocrx_word' id='word_1_265' title='bbox 902 3771 937 3816; x_wconf 91' lang='lat' dir='ltr'>re</span> <span class='ocrx_word' id='word_1_266' title='bbox 961 3754 1053 3832; x_wconf 88' lang='lat' dir='ltr'>capta</span> <span class='ocrx_word' id='word_1_267' title='bbox 1075 3750 1125 3816; x_wconf 91' lang='grc'>161</span> <span class='ocrx_word' id='word_1_268' title='bbox 1147 3750 1301 3816; x_wconf 87' lang='lat' dir='ltr'>violenter</span> 
     </span>
     <span class='ocr_line' id='line_1_34' title="bbox 104 3853 1300 3938; baseline -0.003 -16"><span class='ocrx_word' id='word_1_269' title='bbox 104 3858 214 3924; x_wconf 84' lang='lat' dir='ltr'>ablata</span> <span class='ocrx_word' id='word_1_270' title='bbox 235 3859 414 3938; x_wconf 85' lang='lat' dir='ltr'>competere</span> <span class='ocrx_word' id='word_1_271' title='bbox 442 3855 587 3920; x_wconf 87' lang='lat' dir='ltr'>uolumus</span> <span class='ocrx_word' id='word_1_272' title='bbox 621 3854 777 3919; x_wconf 89' lang='lat' dir='ltr'>actionem</span> <span class='ocrx_word' id='word_1_273' title='bbox 807 3859 840 3919; x_wconf 94' lang='lat' dir='ltr'>et</span> <span class='ocrx_word' id='word_1_274' title='bbox 868 3853 1053 3920; x_wconf 86' lang='lat' dir='ltr'>mandamus</span> <span class='ocrx_word' id='word_1_275' title='bbox 1085 3855 1142 3920; x_wconf 90' lang='lat' dir='ltr'>sub</span> <span class='ocrx_word' id='word_1_276' title='bbox 1169 3856 1300 3920; x_wconf 91' lang='lat' dir='ltr'>obtentu</span> 
     </span>
     <span class='ocr_line' id='line_1_35' title="bbox 104 3957 1301 4042; baseline -0.004 -15"><span class='ocrx_word' id='word_1_277' title='bbox 104 3965 175 4028; x_wconf 90' lang='lat' dir='ltr'>irae</span> <span class='ocrx_word' id='word_1_278' title='bbox 196 3961 332 4027; x_wconf 86' lang='lat' dir='ltr'>Nostrae</span> <span class='ocrx_word' id='word_1_279' title='bbox 354 3962 512 4026; x_wconf 86' lang='lat' dir='ltr'>universis</span> <span class='ocrx_word' id='word_1_280' title='bbox 530 3959 702 4042; x_wconf 89' lang='lat' dir='ltr'>judicibus,</span> <span class='ocrx_word' id='word_1_281' title='bbox 724 3957 945 4040; x_wconf 83' lang='lat' dir='ltr'>beneficiariis,</span> <span class='ocrx_word' id='word_1_282' title='bbox 978 3960 1176 4040; x_wconf 87' lang='lat' dir='ltr'>caeterisque</span> <span class='ocrx_word' id='word_1_283' title='bbox 1207 3959 1301 4042; x_wconf 84' lang='lat' dir='ltr'>justi-</span> 
     </span>
     <span class='ocr_line' id='line_1_36' title="bbox 105 4062 1303 4148; baseline -0.004 -15"><span class='ocrx_word' id='word_1_284' title='bbox 105 4067 216 4133; x_wconf 88' lang='lat' dir='ltr'>ciariis</span> <span class='ocrx_word' id='word_1_285' title='bbox 237 4068 327 4148; x_wconf 89' lang='lat' dir='ltr'>regni</span> <span class='ocrx_word' id='word_1_286' title='bbox 348 4067 467 4146; x_wconf 88' lang='lat' dir='ltr'>Nostri,</span> <span class='ocrx_word' id='word_1_287' title='bbox 490 4068 526 4129; x_wconf 92' lang='lat' dir='ltr'>ut</span> <span class='ocrx_word' id='word_1_288' title='bbox 547 4065 588 4129; x_wconf 91' lang='lat' dir='ltr'>de</span> <span class='ocrx_word' id='word_1_289' title='bbox 610 4062 783 4146; x_wconf 86' lang='lat' dir='ltr'>praedictis</span> <span class='ocrx_word' id='word_1_290' title='bbox 805 4064 1042 4147; x_wconf 86' lang='lat' dir='ltr'>privilegiorum</span> <span class='ocrx_word' id='word_1_291' title='bbox 1066 4067 1098 4128; x_wconf 93' lang='lat' dir='ltr'>et</span> <span class='ocrx_word' id='word_1_292' title='bbox 1119 4063 1303 4128; x_wconf 90' lang='lat' dir='ltr'>libertatum</span> 
     </span>
     <span class='ocr_line' id='line_1_37' title="bbox 105 4168 1301 4252; baseline -0.006 -14"><span class='ocrx_word' id='word_1_293' title='bbox 105 4172 324 4252; x_wconf 85' lang='lat' dir='ltr'>violatoribus,</span> <span class='ocrx_word' id='word_1_294' title='bbox 358 4171 512 4236; x_wconf 86' lang='lat' dir='ltr'>ecclesiae</span> <span class='ocrx_word' id='word_1_295' title='bbox 541 4168 694 4250; x_wconf 89' lang='lat' dir='ltr'>Pragensi</span> <span class='ocrx_word' id='word_1_296' title='bbox 727 4173 760 4234; x_wconf 91' lang='grc'>61</span> <span class='ocrx_word' id='word_1_297' title='bbox 791 4168 936 4234; x_wconf 87' lang='lat' dir='ltr'>omnibus</span> <span class='ocrx_word' id='word_1_298' title='bbox 967 4168 1007 4232; x_wconf 91' lang='lat' dir='ltr'>de</span> <span class='ocrx_word' id='word_1_299' title='bbox 1037 4168 1171 4234; x_wconf 88' lang='lat' dir='ltr'>ecclesia</span> <span class='ocrx_word' id='word_1_300' title='bbox 1205 4168 1301 4232; x_wconf 88' lang='lat' dir='ltr'>talem</span> 
     </span>
     <span class='ocr_line' id='line_1_38' title="bbox 108 4273 1302 4358; baseline -0.008 -14"><span class='ocrx_word' id='word_1_301' title='bbox 108 4278 281 4344; x_wconf 83' lang='lat' dir='ltr'>exhibeant</span> <span class='ocrx_word' id='word_1_302' title='bbox 302 4277 371 4342; x_wconf 89' lang='lat' dir='ltr'>sine</span> <span class='ocrx_word' id='word_1_303' title='bbox 393 4277 500 4357; x_wconf 88' lang='lat' dir='ltr'>aliqua</span> <span class='ocrx_word' id='word_1_304' title='bbox 522 4273 769 4340; x_wconf 87' lang='lat' dir='ltr'>contradictione</span> <span class='ocrx_word' id='word_1_305' title='bbox 786 4275 953 4358; x_wconf 88' lang='lat' dir='ltr'>justitiam,</span> <span class='ocrx_word' id='word_1_306' title='bbox 989 4273 1113 4354; x_wconf 88' lang='lat' dir='ltr'>qualem</span> <span class='ocrx_word' id='word_1_307' title='bbox 1136 4273 1175 4337; x_wconf 94' lang='lat' dir='ltr'>de</span> <span class='ocrx_word' id='word_1_308' title='bbox 1196 4276 1302 4353; x_wconf 92' lang='lat' dir='ltr'>rapto·</span> 
     </span>
     <span class='ocr_line' id='line_1_39' title="bbox 106 4378 983 4449; baseline -0.007 -1"><span class='ocrx_word' id='word_1_309' title='bbox 106 4384 198 4449; x_wconf 89' lang='lat' dir='ltr'>ribus</span> <span class='ocrx_word' id='word_1_310' title='bbox 221 4385 254 4446; x_wconf 91' lang='lat' dir='ltr'>et</span> <span class='ocrx_word' id='word_1_311' title='bbox 275 4382 422 4447; x_wconf 86' lang='lat' dir='ltr'>violentis</span> <span class='ocrx_word' id='word_1_312' title='bbox 444 4399 550 4446; x_wconf 90' lang='lat' dir='ltr'>rernm</span> <span class='ocrx_word' id='word_1_313' title='bbox 574 4380 767 4446; x_wconf 82' lang='lat' dir='ltr'>oblatoribus</span> <span class='ocrx_word' id='word_1_314' title='bbox 791 4378 983 4445; x_wconf 89' lang='lat' dir='ltr'>exhiberent.</span> 
     </span>
    </p>
   </div>
   <div class='ocr_carea' id='block_1_3' title="bbox 0 0 1632 5017">
    <p class='ocr_par' dir='ltr' id='par_1_5' title="bbox 0 0 1632 5017">
     <span class='ocr_line' id='line_1_40' title="bbox 0 0 1632 5017; baseline 0 0"><span class='ocrx_word' id='word_1_315' title='bbox 0 0 1632 5017; x_wconf 95' lang='lat' dir='ltr'> </span> 
     </span>
    </p>
   </div>
  </div>
 </body>
</html>
