3225 5017
2302 5 2308 9 .
2372 4 2473 33 ⁸’·?'
2533 35 2554 45 'V

2515 63 2525 74 ,
2777 96 2788 107 ⁶
3007 72 3057 109 1.,

3131 225 3134 251 l

3132 281 3134 294 4

771 512 1114 576 Relatio
1160 529 1411 594 super
1474 510 1736 578 rebus
1786 511 2419 577 ecclesiasticis
2478 511 2562 575 in
2623 509 2951 574 Boemia

564 622 644 683 et
708 614 1092 681 Moravia
1151 635 1190 680 a
1252 615 1634 680 Brunone
1702 617 2101 699 episcopo
2172 615 2702 681 olomucensi
2765 613 2953 678 Sedi

562 719 1117 802 Apostolicae
1159 720 1416 785 missa
1460 740 1515 785 a.
1568 720 1755 786 1273.
1807 722 1905 786 16.
1954 722 2136 787 Dec.

775 821 972 890 (onyca
1009 821 1128 875 aba.
1175 821 1260 876 VI.
1295 825 1416 876 364.
1451 851 1516 862 —
1556 823 1735 876 Emzer
1768 824 1842 878 ΙΙ.
1878 824 2024 889 845.)

770 943 1148 1028 Synodus
1193 944 1760 1027 provincialis
1806 946 2309 1029 (1258—1278).

771 1048 813 1114 J
818 1048 1094 1115 ohannes
1161 1050 1284 1114 Dei
1345 1101 1358 1115 .
1409 1100 1422 1114 .
1473 1100 1487 1115 .
1538 1101 1551 1115 .
1620 1049 1974 1116 honorabili
2034 1051 2171 1116 viro
2232 1049 2674 1116 archidiacono
2743 1099 2757 1113 .
2810 1097 2825 1111 .
2872 1098 2886 1112 .
2934 1098 2945 1112 .

565 1155 853 1221 salutem.

776 1258 936 1325 Cum
999 1257 1152 1323 mali
1209 1258 1512 1340 temporis
1571 1259 1958 1340 impediente
2020 1277 2209 1326 cursu
2258 1262 2598 1324 consuetas
2644 1257 2957 1323 celebrare

566 1362 840 1448 synodos
884 1381 1002 1445 per
1043 1362 1274 1427 multos
1319 1381 1517 1429 annos
1561 1365 2050 1446 nequiverimus,
2099 1365 2265 1430 sicut
2318 1364 2513 1443 scitiS,
2578 1381 2744 1427 nunc
2792 1366 2954 1427 statu

571 1472 782 1533 terrae
825 1465 1162 1532 reformato
1207 1467 1273 1531 in
1316 1467 1544 1533 melius
1589 1468 1900 1552 synodum
1957 1473 2238 1535 nostram
2300 1467 2590 1551 sequenti
2649 1467 2756 1531 die
2817 1470 2958 1548 post

568 1571 800 1637 festum
843 1571 1015 1636 beati
1059 1570 1193 1637 Viti
1235 1572 1521 1654 proxime
1550 1591 1716 1637 nunc
1748 1577 2081 1639 venturum
2111 1593 2288 1642 more
2320 1575 2618 1639 consueto
2658 1577 2724 1636 et
2752 1571 2954 1649 solit0,

574 1675 793 1741 divina
856 1692 971 1742 nos
1040 1674 1381 1758 adjuvante
1448 1676 1673 1757 gratia,
1743 1675 2139 1742 decernimus
2210 1681 2276 1743 et
2349 1679 2598 1743 omnino
2670 1675 2954 1740 volumus

573 1780 911 1848 celebrare.

785 1885 1186 1967 Quapropter
1229 1883 1408 1951 vobis
1452 1885 1519 1948 in
1561 1884 1800 1949 virtute
1846 1889 2102 1950 sanctae
2133 1885 2541 1952 obedientiae
2578 1885 2958 1968 injungimus

570 2009 685 2073 per
728 1991 1116 2072 praesenteS,
1163 1991 1472 2072 quatenus
1516 1988 1637 2053 hoc
1680 1988 1746 2053 in
1792 1992 1925 2053 toto
1972 1990 2139 2055 clero
2187 1989 2736 2055 archidiaconatus
2767 1988 2955 2054 vestri

569 2093 932 2159 solemniter
998 2091 1409 2174 publicantes,
1495 2110 1712 2158 omnes
1781 2094 1890 2175 qui
1958 2093 2041 2158 ad
2103 2093 2486 2159 veniendum
2550 2093 2632 2160 ad
2692 2092 2958 2176 synodos

567 2201 715 2262 sunt
779 2196 1043 2277 astricti,
1110 2197 1326 2261 venire
1393 2196 1475 2261 ad
1534 2197 1741 2280 ipsam
1800 2197 2327 2264 inexcusabiliter
2367 2197 2638 2278 faciatiS,
2704 2197 2824 2262 hoc
2865 2195 2955 2260 eis

571 2302 1036 2367 innotescentes
1083 2318 1397 2383 expresse,
1449 2301 1619 2384 quod
1680 2302 1734 2366 si
1780 2302 2011 2385 aliquis
2078 2302 2160 2367 ad
2207 2303 2516 2386 synodum
2577 2303 2781 2385 ipsam
2836 2318 2957 2364 non

566 2406 826 2487 veniret,
870 2405 979 2488 qui
1023 2409 1292 2486 tenetur,
1338 2406 1548 2488 ipsum
1593 2405 1731 2470 sine
1775 2424 1891 2489 spe
1937 2425 2139 2489 poena
2186 2407 2413 2472 debita
2456 2406 2807 2489 puniemus.

1502 2544 2006 2629 (1296-1301)

787 2682 1130 2766 Gregorius
1163 2683 1268 2748 dei
1298 2685 1506 2765 gratia
1534 2683 1873 2765 Pragensis
1906 2686 2262 2769 episcopus,
2296 2686 2649 2752 honorabili
2678 2685 2813 2751 viro
2843 2734 2855 2749 .
2890 2735 2903 2749 .
2938 2735 2951 2749 .

572 2790 654 2854 de
700 2839 713 2854 .
765 2839 778 2854 .
831 2839 844 2854 .
895 2839 908 2853 .
957 2787 1419 2869 archidiaconO,
1469 2788 1739 2853 salutem
1783 2788 1849 2852 in
1893 2789 2180 2854 Domin0.

793 2891 954 2958 Cum
996 2908 1111 2957 nos
1156 2895 1416 2974 propter
1458 2892 1842 2973 impacatum
1889 2896 2125 2958 statum
2177 2893 2360 2975 regni
2405 2893 2704 2959 Boemiae
2748 2899 2813 2958 et
2837 2893 2956 2957 alia

582 2996 934 3078 dispendia,
1004 3013 1168 3079 quao
1230 2995 1599 3061 incumbunt
1644 2995 1769 3060 hiis
1813 2998 2204 3078 temporibus
2262 2997 2591 3080 inpacatis,
2660 2996 2954 3079 synodum

573 3104 853 3165 nostram
897 3104 1042 3182 post
1083 3099 1316 3165 festum
1360 3101 1712 3183 proximum
1760 3100 1819 3165 S.
1870 3099 2003 3166 Viti
2051 3103 2371 3168 celebrare
2413 3120 2589 3167 more
2618 3089 2805 3176 solito
2833 3119 2949 3164 non

576 3203 934 3269 valeamus:
1000 3203 1435 3287 providentiae
1479 3208 1731 3270 vestrae
1787 3205 2180 3285 mandamus,
2245 3209 2556 3287 quatenus
2614 3205 2951 3281 abbatibuS,

564 324 662 373 198
1287 318 1418 388 Cap.
1453 318 1598 373 VIII.
1651 319 1759 374 Res
1805 320 2221 374 ecclesiasticae.

454 3306 460 3313 ‘
570 3308 969 3392 praepositiS,
1015 3308 1352 3391 prioribuS,
1400 3309 1678 3389 decanis,
1724 3308 2012 3391 plebanis
2045 3314 2110 3375 et
2139 3309 2295 3375 aliis
2327 3309 2952 3375 ecclesiarumrecto-

571 3414 748 3479 ribus
793 3412 1100 3477 intimetis
1145 3413 1692 3480 archidiaconatus
1738 3415 1953 3496 vestri,
2002 3414 2171 3497 quod
2224 3415 2351 3497 ipsi
2382 3413 2501 3479 hac
2530 3413 2670 3480 vice
2698 3413 2951 3495 Pragam

571 3517 655 3582 ad
719 3520 1006 3582 nostrum
1061 3517 1370 3600 synodum
1429 3536 1552 3582 non
1611 3517 1937 3598 accedant,
1985 3536 2065 3582 ne
2111 3516 2197 3582 ali
2211 3535 2339 3598 qua
2381 3517 2447 3580 in
2506 3516 2628 3582 viis
2686 3517 2952 3600 pericula

571 3621 912 3703 patiantur,
983 3622 1266 3704 exceptis
1312 3621 1643 3686 dumtaxat
1687 3621 2177 3687 decimatoribus
2248 3621 2502 3702 nostriS,
2565 3622 2674 3704 qui
2735 3621 2843 3704 (si)
2897 3621 2953 3684 in

570 3725 735 3791 festo
780 3724 1105 3809 praedicto
1175 3725 1234 3791 S.
1281 3723 1417 3790 Viti
1463 3725 1741 3791 decimas
1786 3731 2037 3792 nostras
2081 3726 2441 3807 Pragenses
2486 3743 2610 3790 non
2671 3725 2954 3792 solverint

573 3830 639 3895 in
683 3832 967 3895 nostram
1027 3847 1360 3908 cameram,
1422 3828 1588 3893 sicut
1634 3828 1881 3910 debent,
1945 3848 2213 3913 poenam
2275 3830 2555 3896 debitam
2614 3830 2948 3913 patientum

574 3934 742 3999 unde
788 3933 905 3997 hoc
950 3934 1159 4017 ipsum
1205 3951 1282 3998 ex
1326 3931 1718 3997 habundanti
1762 3933 1921 4016 ipsis
1968 3935 2331 4016 specialiter
2382 3934 2705 4000 intimetis

788 4036 1060 4104 (For-mclb.
1098 4035 1170 4089 II.
1208 4037 1349 4100 207.)

798 4158 1256 4242 Synodales
1304 4157 1975 4222 constitutiones
2020 4178 2074 4224 a.
2128 4158 2314 4223 1301.

794 4262 928 4328 Nos
972 4261 1015 4325 J
1018 4262 1296 4327 ohannes
1341 4263 1463 4326 Dei
1494 4263 1703 4360 gratia
1734 4263 2068 4345 episcopus
2113 4262 2468 4344 PragensiS.
2517 4262 2844 4329 Universis
2884 4265 2939 4324 et

579 4368 841 4449 singulis
887 4366 1240 4446 abbatibus,
1289 4365 1751 4431 archidiaconis
1808 4372 1871 4431 et
1932 4367 2212 4432 diaconis
2278 4384 2394 4431 nec
2454 4384 2579 4430 non
2644 4372 2709 4431 et
2767 4366 2943 4431 eccle-
