3225 5017
112 311 116 382 '.
207 317 209 322 ’
257 293 264 370 J
285 311 336 394 272
716 305 782 382 Gap
798 309 846 367 IX.
864 300 1043 368 Universitas.

41 540 46 563 r
159 531 161 538 v
221 565 226 572 ,
285 504 377 574 modo
400 521 521 585 poenae
543 503 662 569 remitti
686 503 918 601 excedentium,
941 505 1003 569 nisi
1032 509 1161 588 propter
1182 509 1402 588 paupertatem
1424 506 1479 572 vel

286 607 446 674 delectum
472 608 677 688 eminentem
701 611 776 674 ωηο
799 609 883 674 enim
906 615 1010 674 rector
1031 610 1143 675 mitius
1165 628 1261 692 agore
1281 614 1394 693 potest.

34 732 51 785 f
137 705 153 772 s
181 771 182 776 =
213 783 222 804 η
325 785 326 790 1
386 737 468 802 Item
488 742 593 803 rector
621 737 789 821 prohibere
818 741 952 818 tenetur,
975 757 1016 804 ne
1046 743 1237 822 congregata
1258 739 1479 806 Universitato

33 845 83 938 ξ’]
183 885 184 888 ¹
285 859 342 926 pro
365 841 470 923 aliquo
493 841 660 924 principali
682 841 820 923 negotio,
843 859 906 906 non
928 841 1075 924 expedito
1089 843 1155 924 illo,
1177 844 1265 909 aliud
1283 848 1480 927 proponatur

214 971 217 978 ⁴
261 955 270 968 ”
285 947 468 1013 incidenter.
1514 959 1523 976 '

193 1135 196 1142 ¹
386 1051 467 1115 Item
496 1053 620 1117 tenetur
642 1053 746 1116 rector
767 1050 919 1134 antiquus
940 1051 974 1116 in
995 1051 1304 1119 recommendatione
1324 1053 1399 1118 novi
1421 1072 1474 1118 re-

289 1155 384 1221 ctoris
415 1155 577 1237 assignare
607 1172 687 1219 noro
717 1156 833 1220 rectori
863 1157 1002 1237 sigillum
1031 1160 1207 1232 rectoratus
1237 1176 1308 1222 cum
1331 1157 1479 1223 Statutis.
1586 1221 1587 1247 χ

387 1286 467 1351 item
499 1289 626 1350 tenetur
657 1304 738 1352 novo
768 1289 884 1353 rectori
913 1292 987 1370 post
1017 1307 1107 1354 suam
1137 1289 1481 1354 recommendationem
1586 1274 1587 1327 1

283 1395 387 1456 rector
409 1391 559 1473 antiquus
581 1389 686 1456 facere
708 1391 883 1473 legitimam
906 1372 1172 1475 computationem
1193 1393 1234 1458 de
1248 1394 1383 1476 pecunia
1397 1392 1483 1457 Uni·

283 1496 443 1561 versitatis
474 1515 579 1562 coram
609 1495 797 1562 consiliariis
828 1501 861 1563 et
883 1497 1043 1580 deputatis
1066 1497 1106 1563 ad
1137 1497 1197 1562 hoc
1220 1501 1252 1564 et
1269 1498 1394 1581 juratis.
1431 1497 1482 1562 Et

284 1601 330 1665 sic
352 1601 392 1666 de
414 1601 486 1668 aliis
508 1601 603 1667 rebus
626 1599 861 1682 Universitatis
892 1618 974 1683 quae
997 1620 1075 1667 suae
1098 1601 1260 1668 custodiae
1289 1608 1363 1667 sunt
1392 1620 1481 1666 com·
1586 1590 1587 1669 i

229 1781 230 1784 Ἴ
282 1705 407 1771 missae.
846 1690 848 1698 ’
1586 1698 1587 1717 ³

387 1810 468 1875 Item
489 1814 617 1875 tenetur
639 1815 743 1875 rector
764 1828 864 1876 novus
893 1811 1045 1893 pecunias
1067 1810 1129 1876 sibi
1151 1829 1208 1892 per
1233 1811 1397 1893 antiquum
1424 1831 1480 1876 re-

229 1925 230 1928 ’
284 1919 401 1981 ctorem
434 1918 652 1997 praesentatas
683 1917 757 1995 post
786 1914 1052 1996 computationem
1082 1934 1145 1981 uua
1178 1933 1250 1980 cum
1279 1915 1351 1980 aliis
1378 1916 1480 1981 rebus

282 2019 518 2100 Universitatis‚
549 2020 577 2085 si
606 2038 688 2102 quae
717 2019 778 2085 sibi
810 2019 1105 2099 praesentabuntur,
1139 2039 1256 2102 ponere
1281 2019 1314 2083 in
1346 2019 1479 2084 archam

283 2124 509 2190 Universitatis
532 2141 637 2189 coram
660 2123 848 2188 consiliariis
872 2126 903 2188 et
926 2123 997 2188 aliis
1027 2123 1148 2188 adhoc
1178 2122 1348 2207 deputatis,
1378 2143 1479 2206 quam

284 2229 346 2294 cito
369 2229 429 2294 hoc
454 2228 615 2293 commode
636 2226 706 2293 fieri
728 2231 841 2309 potest.

387 2360 467 2425 Item
498 2363 625 2426 tenetur
654 2362 759 2423 rector
788 2377 916 2423 manere
948 2359 982 2423 in
1010 2359 1078 2422 loco
1101 2363 1134 2423 et
1153 2377 1217 2423 ηοη
1245 2377 1340 2441 posse
1362 2361 1479 2426 abesse

282 2466 363 2533 iufra
386 2469 511 2548 tempus
535 2464 585 2529 sui
608 2463 769 2544 regiminis
804 2463 887 2528 ultra
916 2462 961 2527 VI
990 2453 1059 2530 dies
1089 2462 1157 2528 sine
1187 2464 1317 2546 speciali
1347 2465 1479 2530 licentia

282 2569 523 2648 Universitatis3
540 2568 664 2652 quoties
679 2585 753 2632 vero
772 2569 927 2650 contingit
940 2569 1045 2652 ipsum
1060 2569 1223 2634 absentem
1242 2586 1322 2648 esse,
1345 2569 1396 2657 uel
1410 2567 1477 2632 lor-

285 2677 367 2741 sitan
389 2671 549 2754 infirmari,
572 2674 624 2738 vel
645 2673 785 2754 legitime
807 2672 964 2756 impediri,
989 2674 1159 2738 constituet
1174 2673 1399 2738 vicerectorem
1417 2689 1477 2754 pro

284 2799 328 2861 se,
351 2781 406 2863 qui
429 2779 558 2845 habebit
580 2776 729 2860 supplere
751 2778 837 2842 vices
860 2778 938 2859 ejus.

384 2910 467 2976 Item
494 2914 621 2976 tenetur
653 2912 767 2989 rector,
805 2909 903 2974 semel
939 2908 1021 2973 inira
1057 2913 1184 2990 tempus
1218 2908 1267 2973 sui
1297 2911 1476 2973 rectoratus

281 3020 382 3082 totam
415 3014 662 3081 Universitatem
693 3013 950 3105 congregarem
979 3016 1101 3078 aestate
1131 3011 1267 3078 infesto
1289 3012 1475 3078 Natiuitatis

283 3120 405 3186 Mariae
437 3120 488 3184 vel
523 3118 615 3198 circa,
649 3118 682 3184 in
715 3118 822 3184 hieme
850 3135 925 3183 vero
955 3118 989 3181 in
1010 3116 1093 3183 festo
1124 3116 1230 3183 Sancti
1256 3116 1402 3200 Gregorii
1424 3117 1475 3184 vel

284 3226 376 3290 circa.
407 3225 443 3288 Ιη
466 3242 529 3308 qua
552 3223 794 3306 congregatione
817 3225 892 3287 tunc
913 3222 998 3289 facta
1019 3222 1116 3287 faciet
1137 3211 1397 3288 rector‘brevem
1421 3241 1475 3286 ex-

283 3329 493 3394 hortationem
515 3327 555 3392 ad
579 3327 803 3392 correctionem
825 3327 980 3395 malarum
995 3325 1258 3393 consuetudinum
1273 3324 1472 3407 scholarium,

284 3434 367 3500 sicut
387 3432 503 3498 viderit
524 3436 599 3497 ωηο
627 3451 767 3514 necesse,
798 3433 907 3515 ibique
935 3432 1072 3512 mandet,
1103 3432 1188 3514 quod
1216 3431 1322 3496 nullus
1352 3430 1474 3496 habitet

282 3540 315 3606 in
337 3539 399 3604 alio
421 3536 500 3617 loco,
532 3555 626 3619 quam
656 3555 728 3602 cum
757 3537 918 3619 magistris
947 3537 998 3602 rel
1026 3536 1213 3602 baccalariis
1236 3535 1472 3613 Universitatis‚

282 3643 343 3708 nisi
365 3642 474 3708 habita
495 3642 623 3709 licentia
644 3641 775 3707 rectoris
799 3660 839 3706 ex
854 3659 951 3706 causa
972 3641 1173 3719 rationabili3
1197 3645 1229 3704 et
1248 3638 1289 3703 de
1303 3638 1364 3704 hac
1377 3639 1473 3703 liceu-

282 3749 329 3814 tia
362 3745 515 3813 scholaris
550 3747 709 3829 signatum
743 3745 886 3812 obtineat
915 3764 935 3810 a
964 3750 1103 3825 rectore;
1138 3743 1255 3828 etqui
1285 3743 1474 3825 contrarium

282 3854 388 3920 facere
409 3851 644 3935 praesumserit,
669 3849 831 3915 commodo
854 3868 891 3915 ac
915 3849 1097 3917 defensione
1121 3853 1229 3916 careat
1250 3847 1472 3914 Universitatis

283 3958 339 4023 illa
360 3957 438 4021 vice.

387 4062 476 4141 Item,
500 4060 584 4144 quod
605 4060 826 4143 praesidentes
860 4063 892 4124 et
923 4057 1129 4125 conductores
1158 4058 1325 4123 bursarum
1353 4056 1473 4122 nullum

284 4169 317 4232 in
340 4166 480 4248 collegiis
503 4170 559 4229 aut
580 4164 685 4230 bursis
713 4163 892 4229 inhabitare
915 4168 971 4228 aut
993 4162 1171 4245 expendere
1193 4163 1385 4245 permittant,
1410 4160 1472 4224 nisi

286 4272 329 4336 sit
349 4270 479 4335 realiter
511 4268 690 4335 intitulatus
721 4273 754 4334 et
783 4268 827 4333 sit
855 4269 1029 4334 membrum
1062 4265 1296 4346 Universitatis,
1331 4267 1383 4348 qui
1404 4263 1473 4329 vult

285 4374 423 4463 gaudere
446 4373 617 4438 commodis
643 4379 676 4439 et
697 4373 874 4456 privilegiis
897 4373 1039 4455 ejusdem
1061 4370 1295 4438 Universitatis
