3225 5017
290 219 324 269 66
490 214 556 283 cap.
573 215 595 269 Ι.
612 214 667 269 Res
686 214 721 271 od
738 218 816 289 regni
834 216 1097 274 administrationem
1116 222 1280 287 spectantes.

290 411 369 476 ratis
391 410 434 493 (i)
457 415 490 477 et
510 410 643 476 Raduuo
665 411 860 497 (Badimoi),
890 414 981 479 bonis
1010 415 1128 481 nostris
1160 414 1346 496 feodalibus,
1377 420 1484 482 nostra

291 514 487 582 confirmavit
515 517 687 583 auctoritas
716 522 749 585 et
770 518 962 601 specialibus
992 519 1094 584 literis
1116 521 1279 601 stabilivit,
1310 522 1351 587 ad
1373 542 1483 587 manos

289 624 413 687 nostras
434 625 598 703 tamquam
620 622 792 705 superioris
809 624 980 690 eorundem
993 624 1157 691 feodorum
1179 626 1298 692 domiui
1312 626 1485 709 resignavit

288 726 398 806 bbere,
428 727 538 792 literas
571 746 696 811 quoque
724 733 859 810 nostras,
891 748 970 813 quas
1004 749 1100 813 super
1130 730 1280 796 dotalicio
1313 732 1371 797 tali
1405 732 1483 797 alias

290 829 465 897 obtinuisse
479 831 663 914 dinoscitur,
678 834 711 898 in
727 835 853 917 signum
867 854 962 901 verae
978 839 1011 901 et
1024 836 1144 903 liberae
1155 835 1382 919 resignationis
1393 837 1483 903 nobis

188 1003 192 1016 ,
289 935 439 1017 restituit,
468 938 652 1003 renuntians
674 939 758 1003 omni
780 940 855 1023 juri,
876 940 957 1023 juris
973 940 1100 1021 actioni,
1125 941 1325 1023 impetitori,
1349 945 1483 1007 arresta-

289 1040 368 1106 tioni
383 1045 417 1107 et
438 1041 522 1106 omni
544 1041 647 1122 titulo,
673 1043 788 1125 quibus
812 1062 868 1109 seu
892 1063 1026 1127 quorum
1047 1049 1214 1127 praetextu
1236 1045 1408 1128 quidquam
1424 1046 1484 1111 sibi

289 1147 400 1229 posset
421 1145 569 1212 iusticiae
589 1147 768 1229 vendicare,
792 1166 948 1230 asserens,
971 1149 1053 1215 hauc
1077 1151 1175 1215 solam
1196 1154 1338 1215 nostram
1359 1150 1484 1215 literam

289 1251 381 1316 uobis
402 1252 583 1319 restitutam
604 1251 755 1319 habuisse
776 1255 923 1337 desuper,
948 1273 1006 1320 sua
1028 1255 1190 1320 voluntate
1212 1256 1254 1320 ad
1275 1254 1335 1321 hoc
1354 1273 1389 1321 se
1411 1255 1484 1320 sub-

290 1355 419 1420 mittens
448 1356 490 1421 ad
519 1355 686 1439 integrum,
720 1362 757 1423 ut
787 1358 815 1424 si
849 1359 989 1444 aliquam
1022 1377 1079 1424 seu
1112 1359 1237 1443 aliquas
1269 1359 1484 1442 cuiuscunque

290 1460 408 1526 tenoris
430 1461 555 1527 literam
577 1480 634 1528 seu
655 1464 766 1529 literas
789 1482 885 1547 super
908 1464 1019 1530 ecdem
1041 1464 1189 1530 dotalicio
1211 1465 1325 1547 quovis
1343 1469 1484 1551 tempore

289 1564 323 1628 in
344 1565 448 1631 lucem
468 1567 597 1648 prodire
619 1569 796 1651 contigerit,
821 1569 906 1652 quod
928 1569 1040 1634 eadem
1063 1587 1120 1634 seu
1144 1568 1275 1633 eaedem
1297 1569 1415 1634 nullius
1437 1573 1484 1633 te·

290 1670 359 1735 neri
374 1669 511 1737 debeant
525 1668 695 1753 efficaciae,
718 1673 841 1740 roboris
855 1673 906 1740 vel
921 1673 1080 1738 momenti.
1104 1672 1271 1739 Nobilibus
1291 1673 1369 1737 viris
1384 1671 1482 1737 Sdeu-

292 1793 369 1840 conc
391 1778 424 1840 et
445 1775 486 1841 Jo
509 1827 516 1841 .
541 1827 548 1842 .
573 1827 581 1841 .
617 1781 650 1842 et
671 1777 744 1844 aliis
765 1778 883 1843 nostris
912 1775 1058 1843 fidelibus
1080 1778 1215 1843 testibus
1238 1777 1279 1844 ad
1300 1777 1485 1860 praemissa,

291 1898 388 1962 super
406 1880 521 1962 quibus
542 1881 765 1948 nichilominus
787 1884 829 1949 ad
850 1881 1110 1948 habundantioris
1134 1883 1277 1947 cautelae
1290 1881 1486 1964 praesidium

290 1984 483 2067 infrascripti
508 1987 623 2052 notarii
646 1988 838 2071 subscriptio
868 1992 901 2053 et
922 1986 1138 2054 testimonium
1164 1991 1273 2052 nostra
1294 1986 1485 2052 deliberacio

291 2107 397 2154 coram
418 2089 588 2157 antedictis
609 2092 745 2159 testibus
767 2093 935 2160 invocavit.
958 2090 1178 2157 Praesentium
1193 2094 1277 2157 etc..
1302 2143 1308 2157 .
1334 2142 1341 2157 .
1365 2090 1423 2175 (lb.
1440 2088 1486 2175 5.)

394 2298 455 2364 Dei
471 2302 530 2364 etc.
553 2298 671 2364 Notum
685 2299 819 2367 facimus
836 2352 843 2366 .
861 2353 867 2367 .
886 2352 904 2383 .,
923 2300 1008 2386 quod
1023 2300 1212 2366 constitutus
1227 2302 1261 2367 in
1278 2301 1378 2367 nostri
1394 2320 1486 2383 prae-

292 2402 399 2469 sencia
420 2402 515 2469 Jesco
538 2402 656 2485 Lanek,
691 2403 794 2471 fidelis
824 2409 933 2472 noster
963 2404 1107 2486 dilectus
1137 2406 1264 2491 publice
1293 2406 1486 2488 recognovit,

291 2509 428 2591 qualiter
434 2507 587 2573 honestae
597 2509 723 2575 moberi
734 2510 764 2575 d.
773 2510 959 2592 Dubravvae,
973 2511 1110 2577 consorti
1122 2529 1199 2577 suae
1207 2512 1377 2593 legitimae,
1391 2530 1488 2595 super

291 2614 368 2679 villa
390 2631 449 2678 sua
471 2612 538 2680 Lan
560 2617 593 2678 et
614 2632 711 2696 super
741 2633 797 2680 sex
820 2618 986 2698 sexagenis
1016 2634 1129 2682 census
1159 2616 1255 2682 annui
1278 2619 1310 2681 et
1331 2635 1394 2681 uua
1415 2634 1486 2681 ara-

290 2723 364 2785 tura
384 2717 504 2783 ibidem
526 2718 755 2802 quinquaginta
779 2738 864 2802 sexg.
889 2739 987 2802 gross.
1004 2720 1095 2802 Prag.
1119 2739 1176 2803 pro
1199 2739 1274 2786 vera
1296 2720 1379 2801 dcte,
1401 2721 1486 2803 quod

291 2821 466 2906 vulgariter
490 2822 701 2904 morgeugabe
734 2828 942 2906 nuncupatur,
972 2824 1180 2907 recipiendae,
1206 2824 1368 2890 habendas
1395 2827 1428 2889 et
1453 2824 1486 2889 in

292 2946 369 2993 usus
392 2945 467 2992 suos
489 2927 716 2993 convertendas
738 2928 913 3010 resignavit
941 2933 973 2994 et
999 2928 1139 3011 legitime
1161 2928 1335 3011 deputavit,
1366 2929 1485 3012 suppli-

293 3050 368 3097 cans
389 3031 480 3097 nobis
501 3034 664 3114 tamquam
684 3030 769 3097 feodi
791 3032 919 3097 domino
941 3033 1104 3098 humiliter
1126 3038 1159 3099 et
1180 3033 1303 3113 devote,
1330 3036 1486 3115 quatenus

292 3136 334 3203 ad
347 3136 527 3221 praedictas
542 3137 792 3218 resignationem
807 3142 841 3202 et
858 3136 1099 3220 deputacionem
1113 3138 1216 3221 ipsius
1238 3137 1321 3203 dotis
1342 3141 1485 3203 nostum

294 3260 481 3308 consensum
510 3243 543 3306 et
574 3258 740 3306 assensum
772 3242 975 3324 dignaremur
1007 3242 1181 3325 graciosius
1214 3240 1373 3307 adbibere.
1419 3240 1486 3307 Nos

292 3365 369 3415 vero
402 3345 689 3429 supplicacionibus
721 3346 824 3429 ipsius
849 3346 1015 3429 benignius
1045 3347 1186 3412 inclinati
1221 3345 1262 3412 ad
1290 3346 1485 3429 praedictam

294 3452 410 3531 dotem,
444 3468 526 3534 quae
554 3450 728 3532 vvdgariter
757 3452 967 3533 morgengabe
989 3451 1114 3533 dicitur,
1147 3452 1181 3516 in
1210 3450 1294 3515 omni
1327 3451 1420 3516 modo
1455 3455 1486 3517 et

294 3556 404 3636 forma,
428 3558 464 3620 ut
485 3555 709 3639 praemittitur,
731 3560 875 3621 nostum
897 3573 1084 3622 consensum
1106 3556 1218 3622 damus
1240 3556 1360 3637 pariter
1382 3560 1414 3621 et
1435 3574 1485 3621 as-

295 3679 431 3741 sensum,
454 3660 607 3741 volentes,
630 3664 667 3725 ut
687 3661 852 3743 praedicta
872 3661 987 3726 mulier
1000 3661 1039 3727 D.
1056 3660 1235 3743 praedictas
1258 3659 1486 3743 quinquaginta
1590 3722 1591 3753 ,

296 3783 380 3847 sexg.
404 3782 502 3848 gross.
527 3783 623 3847 super
644 3763 816 3846 praedictis
839 3764 915 3831 villa
937 3767 970 3829 et
992 3782 1088 3829 censu
1111 3767 1143 3829 et
1163 3763 1254 3831 bonis
1283 3764 1317 3829 in
1338 3764 1407 3831 Lan
1428 3784 1484 3849 pro
1590 3760 1591 3813 l

294 3888 372 3937 vera
393 3869 467 3934 dote
488 3868 615 3949 habere,
638 3868 781 3949 recipere
803 3872 836 3934 et
856 3868 890 3934 in
912 3886 989 3934 usus
1011 3868 1155 3951 proprios
1171 3873 1353 3935 convertere
1371 3868 1486 3936 debeat
1590 3952 1591 3957 ἵ

295 3974 385 4039 iuxta
412 3990 532 4037 morem
565 3976 597 4037 et
629 3970 890 4037 consuetudinem
918 3972 1109 4039 vasallorum
1142 3977 1321 4039 nostrorum
1354 3978 1386 4040 ct
1419 3974 1484 4058 epi·
1590 4004 1591 4037 3

297 4079 446 4161 scopatus
467 4075 566 4140 nostri
589 4074 742 4156 Olomuc,
773 4075 856 4141 sicut
885 4075 964 4141 alias
990 4074 1059 4141 fieri
1082 4080 1131 4142 cst
1153 4081 1346 4161 consuetum,
1368 4078 1484 4145 nostris

298 4186 330 4248 et
352 4179 506 4246 ecclesiae
527 4182 655 4245 nostrae
677 4178 819 4246 Olomuc.
839 4179 964 4263 juribus
988 4199 1113 4262 semper
1134 4180 1239 4249 salvis.
1263 4181 1485 4251 Praesencium

299 4289 357 4350 etc.
382 4335 389 4349 .
414 4335 420 4350 .
446 4334 452 4349 .
479 4282 536 4367 (lb.
560 4282 605 4366 6.)
