3225 5017
248 286 298 333 stc
485 272 491 300 ‘
578 278 644 350 Gap.
661 278 722 335 XII.
746 280 854 334 Stratae
871 285 899 335 ct
916 277 1111 337 commercium.

245 478 434 539 mercatores
463 471 595 539 Vestros
625 476 691 539 tam
721 473 761 539 de
790 474 929 555 Imperii,
961 476 1051 558 regni
1085 474 1244 553 Boemiae,
1278 472 1438 558 quamde

247 579 318 644 aliis
340 578 521 661 regionibus
543 576 677 643 Vestrae
700 578 812 643 ditioni
836 580 988 661 subjectis
1014 580 1047 643 in
1069 584 1210 644 nostram
1232 582 1265 643 et
1280 627 1311 642 ..
1340 577 1439 642 nostri

248 683 370 750 consilii
400 687 432 748 et
461 682 677 749 universitatis
706 684 934 765 protectionem
968 687 1175 763 assumentes,
1199 684 1286 765 ipsos
1320 681 1437 763 ubique

247 787 387 852 locorum
410 791 442 853 et
463 806 522 870 por
543 806 651 856 omnes
673 791 774 853 terras
798 787 912 853 ditioni
942 792 1068 855 nostrae
1099 788 1243 853 subditas
1272 790 1440 869 protegere

249 896 281 957 et
303 891 472 958 defendere
493 892 637 958 volumus
659 890 747 958 fideli
769 893 875 959 studio
897 911 955 977 pro
978 893 1097 959 viribus
1120 898 1154 959 et
1174 912 1231 976 pro
1253 909 1357 975 posse.

350 997 468 1061 Datum
490 994 523 1061 in
545 1000 653 1063 nostro
676 996 781 1062 ducali
803 997 922 1079 palatio
945 997 998 1062 die
1018 996 1102 1064 XVI.
1125 996 1254 1080 Aprilis.

352 1101 454 1167 (Pouet,
472 1101 543 1153 Kart
560 1100 608 1155 IV.
626 1130 660 1139 —
678 1102 784 1154 Breuci
802 1101 851 1154 ln
871 1101 923 1169 94.)

353 1198 403 1262 16.
427 1196 715 1263 Nundinarum
738 1198 967 1264 concessio.
991 1195 1439 1265 Wenceslaus-notumf-

248 1302 357 1381 cimus,
388 1301 472 1383 quod
507 1302 670 1384 cupientes
706 1302 918 1383 conditionem
951 1302 1090 1368 civitatis
1122 1301 1259 1368 Nostrae
1288 1304 1322 1368 in
1355 1302 1441 1368 Misa

248 1403 352 1469 facere
373 1405 545 1485 meliorem,
569 1406 715 1486 scabinis,
740 1406 873 1487 civibus,
894 1405 1008 1471 incolis
1030 1410 1063 1471 et
1092 1405 1292 1472 universitati
1323 1406 1441 1471 civium

249 1510 391 1593 ejusdem
413 1510 601 1575 indulsimus
626 1560 633 1577 .
658 1560 666 1576 .
691 1515 759 1592 ,ut
787 1511 850 1593 ipsi
874 1529 995 1577 exnunc
1023 1512 1152 1575 inantea
1182 1511 1273 1576 annis
1296 1509 1440 1592 singulis,

247 1613 427 1697 incipiendo
450 1614 502 1679 die
525 1614 681 1681 dominico
703 1616 845 1699 proximo
869 1620 942 1698 post
963 1614 1079 1681 festum
1102 1614 1133 1681 S.
1159 1614 1243 1682 Galli
1270 1618 1304 1680 et
1326 1614 1443 1681 deinde

250 1717 458 1783 continuando
488 1716 571 1784 inira
600 1724 669 1785 octo
700 1720 769 1786 dies
798 1738 834 1787 sc
862 1720 1045 1786 immediate
1074 1725 1253 1803 sequentes,
1283 1719 1442 1785 nundinas

250 1839 306 1887 seu
336 1822 471 1887 annuale
499 1820 601 1888 iorum
630 1824 818 1891 incivitate
847 1824 931 1891 Misa
962 1824 1125 1907 praedicta
1149 1825 1309 1890 celebrare
1332 1828 1365 1888 et
1386 1824 1442 1889 ob-

250 1944 376 1991 servare
397 1926 524 1991 valeant
551 1931 647 2008 atque
669 1928 801 2009 possint,
825 1947 897 1993 cum
919 1928 1063 1994 omnibus
1085 1929 1252 2010 mercibus,
1275 1929 1442 1995 mercimo-

248 2030 320 2111 niis,
342 2030 447 2111 rebus,
469 2030 677 2111 libertatibus,
700 2032 961 2113 immunitatibus,
980 2033 1114 2116 juribus,
1138 2034 1240 2099 modis
1262 2038 1296 2100 et
1316 2033 1437 2113 formis,

251 2134 514 2216 quemadmodum
535 2136 694 2201 nundinae
716 2138 786 2203 sive
807 2138 943 2203 annuale
964 2135 1067 2203 forum
1088 2138 1121 2202 in
1137 2138 1209 2204 aliis
1227 2138 1317 2221 regni
1331 2137 1442 2204 Nostri

250 2238 399 2307 Boemiae
423 2240 604 2307 civitatibus
627 2246 858 2309 consueverunt
880 2242 1057 2325 antiquitus
1080 2243 1271 2310 observari.
1295 2292 1302 2309 .
1328 2292 1335 2309 .

357 2344 441 2413 (Orip.
460 2345 508 2398 cic.
526 2345 655 2397 Miacacio.
673 2346 767 2413 Pelael,
784 2346 820 2399 K.
843 2346 942 2399 Weozcl
958 2347 977 2397 I
979 2346 1017 2414 V.,
1038 2348 1105 2413 dipl.
1123 2347 1235 2415 LXXI.)

356 2460 406 2525 17.
436 2458 637 2543 Hospites
659 2464 927 2542 mercatores,
949 2460 1105 2543 Pragae
1128 2465 1443 2527 commorantes.

338 2594 341 2599 ¹
359 2562 442 2645 „Nos
465 2564 672 2631 Wencealaus
696 2565 754 2651 (II)
770 2603 813 2614 —
828 2604 871 2614 —
891 2566 1011 2631 Notum
1026 2584 1098 2631 esse
1120 2566 1324 2632 volumus-
1337 2603 1380 2613 —-
1399 2603 1444 2613 -

251 2666 335 2749 quod
375 2668 565 2736 universitas
606 2670 723 2737 civium
754 2670 891 2738 Nostrae
932 2671 1143 2755 Antiquae
1185 2672 1323 2737 civitatis
1364 2670 1442 2736 Pra-

252 2772 358 2853 gensis
380 2791 515 2839 necnon
531 2775 616 2841 cives
634 2773 775 2842 Novae
798 2776 993 2842 civitatis
1015 2775 1184 2858 Pragensis
1200 2777 1273 2841 sub
1292 2780 1445 2857 castro,

250 2877 404 2958 videntes,
428 2878 513 2960 quod
534 2880 625 2962 ipsae
647 2880 793 2946 civitates
814 2881 915 2946 multa
938 2880 1126 2946 detrimenta
1148 2884 1181 2946 et
1203 2880 1339 2963 dampna
1362 2879 1444 2945 reci-

250 2981 340 3064 piant
373 2985 406 3047 et
437 2983 617 3065 receperint
651 3002 671 3047 a
708 2984 904 3066 temporibus
942 2986 1108 3051 retroactis
1145 2988 1275 3067 propter
1302 2983 1447 3065 hospites

253 3086 293 3151 de
307 3086 545 3169 quibuscunque
557 3087 651 3153 terris
663 3106 722 3153 sua
735 3088 940 3153 mercimonia
954 3090 1052 3171 ligata
1064 3093 1096 3155 et
1109 3108 1172 3155 non
1183 3090 1282 3172 ligata
1292 3090 1326 3155 in
1341 3090 1444 3154 dictas

253 3190 397 3256 civitates
413 3191 615 3273 adducentes,
631 3192 671 3257 de
685 3191 803 3258 Nostra
818 3194 949 3276 speciali
964 3196 1067 3276 gratia
1082 3198 1115 3259 et
1124 3195 1233 3260 favore
1245 3198 1442 3260 statuerunt:

358 3297 385 3361 1.
431 3294 477 3360 Ut
499 3296 749 3379 quandocunque
780 3297 857 3361 dicti
878 3297 1021 3382 hospites
1048 3318 1120 3364 cum
1143 3299 1208 3363 suis
1231 3297 1444 3364 mercimoniis

253 3400 295 3465 ad
317 3400 417 3465 dictas
442 3401 586 3467 civitates
609 3402 774 3483 venerint,
787 3403 820 3466 in
841 3402 921 3484 ipsis
944 3404 1125 3470 civitatibus
1153 3408 1238 3471 stare
1268 3401 1385 3468 debent
1415 3406 1448 3467 et

255 3524 312 3570 sua
333 3506 537 3572 mercimonia
559 3506 678 3573 ibidem
701 3505 859 3589 deponere
880 3507 932 3571 vel
947 3508 1018 3591 ipsa
1033 3508 1199 3589 deducere,
1223 3508 1251 3573 si
1270 3508 1317 3573 eis
1331 3507 1445 3591 placet.

357 3610 388 3672 2.
431 3611 531 3676 Etsi
563 3611 701 3694 quinque
733 3611 846 3677 diebus
875 3612 908 3677 in
938 3612 1032 3678 dictis
1055 3614 1237 3681 civitatibus
1262 3612 1446 3693 manserint,

252 3717 326 3779 tnnc
360 3713 477 3780 debent
510 3733 568 3780 sua
601 3716 805 3782 mercimonia
839 3716 990 3799 disligarc
1031 3736 1136 3784 coram
1176 3717 1298 3782 duobus
1339 3715 1448 3799 probis

252 3820 328 3885 viris
369 3823 402 3883 et
437 3820 570 3901 notario,
609 3819 663 3901 qui
704 3839 761 3902 per
797 3821 884 3885 cives
921 3821 964 3886 ad
999 3820 1060 3887 boc
1104 3822 1198 3888 electi
1242 3820 1370 3902 fuerint,
1415 3824 1449 3885 et

252 3927 327 3988 tunc
350 3924 435 3989 dicta
457 3924 660 3991 mercimonia
682 3924 862 3991 nullatenus
889 3926 929 3990 de
959 3925 1141 3993 civitatibus
1171 3926 1329 3992 deducere
1357 3930 1449 3991 tene-

253 4033 353 4094 antur.
379 4028 516 4107 Quodsi
537 4048 600 4093 nou
623 4028 772 4111 facerent,
797 4035 912 4096 extunc
935 4030 977 4096 ad
999 4032 1187 4098 solutionem
1208 4033 1305 4098 trium
1326 4049 1449 4097 marca·

254 4150 325 4198 rum
348 4134 471 4215 argenti
492 4134 618 4199 nomine
640 4152 761 4216 poenae
784 4134 852 4200 sine
883 4133 1072 4201 difficultate
1102 4136 1243 4219 qualibet
1271 4140 1448 4217 teneantur,

255 4243 288 4302 et
309 4238 511 4303 nibilominus
535 4237 684 4319 disligare
707 4237 792 4303 dicta
814 4240 1020 4305 mercimonia
1042 4241 1234 4307 tenebuntur
1255 4242 1313 4308 sub
1338 4240 1446 4306 condi-

256 4342 396 4407 tionibus
420 4342 565 4424 superius
591 4342 794 4424 praenotatis.
