3225 5017
625 1104 843 1192 capitulum
865 1101 932 1172 xl.

552 1350 652 1446 Jns
693 1348 1000 1442 vinearum.

279 1689 354 1740 1348.
372 1682 409 1738 Et
426 1681 491 1737 fecit
507 1680 634 1750 (Carolus
652 1679 710 1750 Ν.)
729 1680 855 1750 plantare
874 1684 950 1735 ortos
969 1684 1052 1748 atque
1070 1679 1164 1734 vineas
1185 1679 1286 1734 circum
1304 1677 1366 1733 ciri-

172 1780 256 1829 tatem
273 1773 454 1841 Pragensem3
472 1775 499 1823 et
511 1774 625 1839 propter
636 1773 711 1822 ortos
726 1765 885 1836 hujusmodi
901 1773 983 1836 atque
995 1767 1089 1821 vineas
1100 1765 1259 1835 hujusmodi
1270 1771 1367 1821 auctus

44 1896 48 1904 ·
136 1868 217 1925 ,est
234 1860 353 1932 populus
370 1857 559 1925 uehementem
584 1856 614 1910 in
640 1855 716 1910 brevi
739 1860 861 1925 tempore
888 1853 960 1908 lacta
986 1860 1050 1908 sunt
1074 1853 1158 1908 multa
1185 1852 1309 1908 aedilicia
1327 1853 1366 1921 (in
1428 1879 1430 1882 ·

171 1949 251 2004 Nova
269 1947 379 2002 ciuitate
395 1944 546 2014 Pragensi).
582 1943 660 1998 Fecit
677 1942 759 1997 etiam
778 1941 876 1996 advehi
894 1940 928 1996 de
945 1941 1059 1996 Austris
1076 1941 1149 1996 vites
1172 1940 1366 2010 nobilissimas,

172 2034 296 2105 quesibi
314 2040 341 2088 et
360 2033 411 2088 sul)
430 2038 520 2086 castro
539 2031 691 2100 Carlsteym
707 2028 781 2098 quod
793 2029 888 2084 eodem
906 2033 1028 2099 tempore
1043 2027 1186 2084 aedificare
1198 2027 1364 2098 incoeperat,

171 2120 313 2192 plantavit.
331 2119 477 2190 Exstruxit
495 2119 577 2174 etiam
589 2119 618 2173 in
627 2117 743 2172 diversis
755 2116 822 2172 locis
836 2115 956 2186 piscinas
969 2116 1100 2186 plurimas
1115 2122 1142 2170 et
1153 2131 1236 2185 regno
1250 2113 1364 2168 multum

171 2208 316 2279 proficuas.
334 2205 395 2261 Hoc
412 2205 585 2261 advertentes
597 2206 724 2273 barones,
735 2205 852 2272 nobiles,
869 2203 988 2274 religiosi
1001 2210 1029 2258 et
1040 2202 1158 2274 plebegii
1171 2202 1364 2273 plantaverunt

171 2296 272 2365 ubique
297 2294 400 2362 vineas,
428 2299 503 2348 ortos
528 2299 556 2348 et
572 2297 767 2347 exstruxerumt
792 2291 912 2361 piscinas
939 2291 969 2346 in
990 2291 1111 2358 Boemia‚
1129 2290 1232 2360 gratias
1252 2294 1363 2358 agentes

170 2382 321 2452 Altissimo‚
346 2381 393 2450 qui
410 2381 493 2436 talem
517 2380 557 2435 eis
580 2379 715 2436 concessit
731 2377 891 2450 principem,
915 2380 965 2436 sub
984 2380 1063 2449 cujus
1086 2378 1191 2434 dicione
1214 2376 1306 2432 omnia
1324 2375 1363 2432 eis

171 2468 413 2540 prosperabantur.

275 2557 412 2610 Arnestus
426 2554 649 2624 archiepiscopus
668 2552 789 2624 piscinas
810 2553 920 2622 multas,
937 2552 1098 2624 praesertim
1116 2553 1188 2607 circa
1199 2551 1252 2622 Kyj
1265 2550 1363 2620 villam,

170 2642 365 2710 Rolriczunum
387 2641 649 2713 Tyn-Horssorium,
671 2640 867 2711 Przibramum,
896 2640 1016 2712 Recnicn,
1043 2640 1169 2696 Zercnicz
1192 2645 1220 2694 et
1243 2639 1362 2710 Ohynow

169 2746 230 2786 cum
248 2729 353 2799 magnis
371 2728 503 2799 impensis
523 2727 558 2782 tle
575 2743 646 2783 noro
665 2728 809 2782 exstruxit.

274 2822 351 2871 1366.
384 2815 522 2871 Reversus
545 2813 684 2870 Boemiam
703 2815 818 2872 Carolus
842 2815 995 2871 aedificavit
1019 2822 1047 2871 ct
1070 2815 1206 2871 exstruxit
1228 2813 1361 2883 piscinam

169 2905 220 2961 sub
237 2909 328 2959 castro
344 2902 461 2958 Bendiez
478 2902 544 2957 mire
562 2901 767 2973 magnitudinis,
785 2903 864 2972 quasi
884 2909 1022 2974 stagnum.
1058 2904 1152 2973 (Beael
1169 2905 1202 2958 cle
1224 2901 1332 2969 Weitm.)

274 2995 350 3046 1369.
383 2990 465 3047 Dcm.
488 2989 608 3045 Karolus
632 2990 700 3060 Imp.
720 2989 755 3046 de
778 2990 898 3046 omnium
915 2992 1048 3046 baronum
1076 3006 1108 3046 ac
1128 2989 1361 3059 communitatum,

170 3077 381 3134 universitatum
409 3083 437 3133 et
462 3093 651 3148 personarum,
677 3082 733 3132 tam
761 3077 1007 3134 ecclesiasticarum
1034 3091 1115 3147 quam
1139 3076 1360 3146 saeculariorum,

168 3165 318 3234 voluntate,
344 3164 518 3221 conniventia
536 3171 564 3220 et
581 3180 717 3221 consensu
737 3163 875 3220 ordinavit
893 3165 987 3222 vineas
1004 3166 1034 3220 in
1051 3180 1135 3235 regno
1155 3165 1284 3220 Boemiao
1301 3163 1360 3220 fore

170 3251 204 3306 de
221 3268 293 3310 noro
309 3249 513 3307 instaurandas.
1006 3255 1088 3322 (Tam.
1108 3254 1196 3307 Pralru
1214 3253 1251 3308 11.
1268 3254 1322 3320 43.)

272 3407 484 3478 statutum
507 3409 651 3479 Caroli
672 3411 727 3480 IV.
752 3411 845 3479 1358.
871 3412 921 3479 16.
943 3410 1056 3478 Febr.

271 3513 342 3580 Wir
362 3514 441 3582 Kurl
463 3534 525 3583 ron
545 3521 635 3599 gotes
651 3517 776 3600 gnuden
786 3516 972 3584 Romischer
985 3517 1101 3599 keiser‚
1123 3536 1164 3582 nu
1178 3516 1261 3582 allen
1273 3517 1359 3584 niter

167 3638 271 3686 merer
293 3620 350 3686 des
371 3621 467 3704 riche,
497 3621 562 3687 und
588 3622 686 3704 lrunig
714 3641 755 3687 nu
776 3621 905 3688 Bchcm.
938 3620 1031 3688 Allen
1052 3640 1149 3688 unser
1169 3621 1358 3690 keiserliche

167 3723 326 3792 uirdikeit
346 3743 408 3792 von
429 3726 625 3810 angeborner
646 3731 722 3809 gnte
744 3726 802 3792 dar
823 3745 864 3791 nu
886 3727 933 3794 sei
955 3727 1110 3810 geueiget,
1133 3727 1190 3794 das
1205 3726 1252 3793 sie
1275 3728 1357 3795 allen

165 3847 282 3895 unsem
296 3829 362 3896 und
383 3829 440 3896 des
462 3831 547 3897 richs
569 3832 758 3899 undirtanen
778 3831 845 3898 und
866 3835 1026 3915 getruuen
1047 3851 1127 3898 nucu
1149 3830 1214 3896 und
1234 3831 1357 3898 iromen

164 3932 274 4000 schaie
296 3934 361 4000 und
383 3934 430 4001 sei
452 3954 509 4003 vor
523 3937 661 4004 schaden
682 3938 820 4004 behuete
833 3937 892 4004 mit
912 3937 1098 4020 mirglichen
1120 3936 1251 4018 sechem
1275 3937 1356 4002 doch

166 4056 203 4104 so
224 4039 349 4104 meinen
370 4040 427 4106 uir
448 4041 641 4107 sundirliche
665 4042 769 4109 unsirs
795 4041 979 4126 kunign'chs
1000 4062 1040 4107 zu
1054 4041 1175 4108 Behem
1189 4040 1254 4107 und
1268 4042 1357 4109 umsir

165 4143 355 4211 undirtuuen
389 4145 515 4212 daselbs
544 4165 633 4230 nucu,
666 4146 787 4214 iromen
816 4148 882 4214 und
914 4167 989 4215 eren
1017 4167 1058 4213 nu
1089 4167 1197 4215 meren
1229 4149 1294 4214 und
1314 4169 1355 4214 zu

169 4247 300 4315 breiden
321 4248 396 4315 umb
418 4252 509 4331 stete,
532 4267 649 4332 ganono
662 4255 760 4320 neue
780 4253 846 4319 und
860 4253 1097 4322 vollenkomene
1111 4253 1354 4337 gehorsamkeit,

167 4353 221 4421 dic
242 4354 300 4422 uir
320 4374 361 4420 nu
382 4355 467 4423 allen
488 4356 553 4423 rite
573 4356 908 4425 umrerbrochtenliche
936 4370 977 4424 an
997 4379 1039 4444 yn
1067 4357 1229 4516 besunde}
1249 4357 1353 4425 haben

1218 4462 1249 4516 1*
