3225 5017
590 1254 711 1340 caput
732 1258 919 1327 octavum.

519 1497 603 1593 Res
636 1498 975 1597 ecclesiasticae.

328 1825 572 1910 (Additamento
595 1828 638 1894 ad
664 1829 791 1894 Tomocm
814 1831 840 1898 I.
866 1829 991 1897 Codicis
1012 1832 1044 1898 J.
1068 1833 1192 1912 Boem.)

264 1965 444 2033 Occardi
467 1969 902 2052 episcopiPragensis
926 1972 972 2037 de
995 1973 1170 2039 decimis
1193 1976 1355 2058 episeo-

153 2071 328 2156 palibus
351 2070 575 2137 ordinatio
600 2072 856 2156 (lora-1023.)

262 2193 324 2258 Hic
347 2193 519 2273 constituit,
544 2197 580 2257 ut
600 2213 658 2277 pro
682 2194 892 2261 decimatione
907 2198 1135 2284 unusquisque,
1159 2200 1227 2265 sive
1242 2205 1356 2284 potens

156 2300 228 2364 sive
250 2299 340 2364 dives
366 2297 433 2362 sive
455 2317 586 2381 pauper,
610 2301 732 2364 tantum
762 2302 817 2380 qui
848 2299 888 2364 de
918 2319 975 2366 suo
1005 2301 1129 2384 pheodo
1158 2305 1209 2370 vel
1239 2305 1356 2370 allodio

155 2407 320 2469 araturam
349 2401 490 2482 haberet,
526 2402 605 2467 duos
627 2403 749 2468 modios
773 2404 914 2487 quinque
946 2407 1122 2488 palmarum
1156 2413 1189 2474 et
1222 2409 1356 2474 duorum

155 2507 340 2588 digitorum,
375 2525 471 2570 unum
501 2506 599 2571 tritici
633 2511 665 2574 et
695 2508 830 2573 alterum
861 2528 991 2590 avenae,
1026 2514 1174 2595 episcopo
1208 2515 1353 2581 solveret.

154 2611 241 2676 Nam
263 2614 345 2690 ante,
377 2611 460 2675 siout
489 2611 590 2693 primo
621 2613 769 2695 episcopo
792 2612 966 2678 Dethmaro
990 2615 1158 2680 constitum
1188 2623 1265 2697 erat,
1299 2637 1355 2700 pro

155 2715 369 2780 decimatione
392 2715 472 2780 duos
495 2715 607 2782 messis
632 2733 763 2782 acervos
786 2714 912 2782 dabant.
937 2717 1082 2783 Dicimus
1105 2720 1189 2784 enim
1207 2739 1355 2787 acervum
1440 2731 1441 2734 ’

153 2819 388 2904 quinquaginta
411 2820 589 2902 manipulos
613 2818 790 2886 habentem.

263 2921 353 2988 (mam.
373 2922 471 2975 Ohroo.
491 2923 528 2974 od
545 2922 577 2976 A.
597 2925 685 2989 1023.)

262 3096 435 3162 Henrici
473 3097 585 3177 Zdik,
624 3097 815 3181 episcopi
854 3097 1162 3166 Olomucensis:
1211 3100 1351 3183 „Orda

154 3203 345 3288 qualiter
373 3202 413 3266 in
442 3221 515 3266 sua
545 3202 730 3267 ecclesia
753 3202 864 3267 sacri
887 3203 1057 3270 ordines
1078 3204 1217 3270 fiunt.“
1256 3207 1349 3271 1132.

262 3324 431 3389 Heinricus
465 3323 503 3388 D.
538 3342 583 3404 gr.
621 3328 748 3388 sanctae
785 3323 1005 3390 Olomucensis
1042 3327 1196 3392 ecclesiae
1226 3326 1355 3392 humilis

152 3429 311 3496 minister.

263 3550 345 3628 Quia
368 3555 476 3616 sancta
497 3554 598 3616 mater
627 3550 781 3630 Ecclesia,
817 3570 898 3633 quae
928 3569 967 3616 ex
997 3552 1183 3619 diversitate
1214 3552 1355 3633 gentium

152 3657 188 3721 in
213 3655 366 3720 unitatem
387 3652 462 3720 fidei
484 3656 637 3721 divinitus
661 3659 852 3738 congregata
867 3656 900 3720 in
916 3655 1042 3722 Christo
1064 3677 1162 3722 unum
1184 3674 1256 3722 esse
1273 3657 1356 3722 desi-

154 3761 258 3840 derat,
282 3759 365 3823 sicut
386 3757 461 3823 fidei
484 3759 638 3824 unitatem
658 3760 703 3824 sic
719 3759 853 3824 eandem
868 3760 1097 3826 dominicorum
1111 3765 1354 3844 praeceptorum

154 3864 356 3930 identitatem
378 3864 561 3946 peremnia
584 3864 722 3929 custodit
752 3868 784 3928 et
811 3865 967 3945 observat,
998 3865 1110 3930 merito
1141 3866 1181 3931 ab
1212 3866 1355 3947 eJ'usdem

155 3968 233 4034 fidei
274 3969 456 4049 integritate
500 3969 685 4034 recedentes
726 3969 853 4032 diversa
894 3972 990 4050 atque
1027 3969 1162 4034 adversa
1198 3971 1283 4034 inter
1321 3988 1356 4034 se

157 4074 332 4140 sentientes
356 4073 588 4138 haereticorum
609 4073 735 4137 nomine
758 4072 924 4137 denotatos
948 4073 1164 4156 condempnat.
1188 4074 1307 4140 Verum
1324 4074 1351 4139 si

157 4197 215 4261 pro
238 4178 423 4242 diversitate
446 4177 587 4242 locorum
610 4175 806 4258 quarundam
830 4174 859 4240 S.
883 4176 1014 4241 Patrum
1039 4177 1245 4242 traditionum
1274 4178 1350 4242 ordo

159 4283 310 4361 variatur,
350 4301 443 4364 quem
483 4285 589 4346 tamen
623 4278 701 4346 fides
741 4279 896 4344 catholica
927 4284 959 4344 et
990 4281 1102 4362 religio
1137 4282 1352 4347 ecclesiastica

163 4387 292 4450 alterari
314 4386 462 4469 patiatur,
485 4403 547 4450 non
570 4387 706 4466 danmat⁷
730 4402 792 4448 non
815 4385 946 4467 respuit,
968 4389 1091 4451 tantum
1114 4387 1141 4451 si
1168 4386 1355 4453 alteratores

1201 4488 1250 4543 13*
