3225 5017
269 313 320 363 aad
631 305 695 375 Cap.
713 304 787 358 VIII.
812 303 866 359 Res
885 303 1095 358 ecclesiasticae.

310 528 312 537 .
372 497 640 564 Enumeratio
663 498 941 562 decanatuum
971 502 1010 561 et
1040 495 1315 562 ecclesiarum
1340 512 1459 577 paro-

270 602 474 667 chialium
496 621 569 684 per
591 601 976 686 archidiaconatus,

520 733 556 798 Ι.
578 708 955 798 archidiaconatus
978 731 1212 811 Prupcuais.

696 832 798 900 (Habet
816 833 945 888 ecclesias
964 835 1035 901 312.)

374 951 402 1014 1.
432 949 670 1014 Decanatus
693 949 889 1015 civitatis
911 948 1134 1030 Prageusis
1163 946 1349 1032 (decanatus
1382 948 1458 1013 ciui-

269 1053 425 1134 ratensis).

371 1155 496 1211 Ecclesia
516 1156 542 1212 S.
559 1156 667 1212 Nicolai
684 1156 713 1210 in
731 1155 803 1211 Foro
821 1157 966 1227 pullorum,

373 1243 399 1300 S.
416 1244 558 1300 Michaelis
576 1244 692 1313 MaJ‘oris
714 1244 841 1299 civitatis.

373 1332 400 1386 S.
419 1330 499 1386 Galli

373 1419 399 1472 S.
418 1418 523 1473 Mariae
540 1417 570 1471 in
587 1418 676 1472 Laeta
693 1418 777 1472 curia.

373 1506 400 1560 S.
417 1505 558 1560 Benedicti
575 1504 690 1574 Majoris
709 1501 834 1560 civitatis.

372 1593 400 1648 S.
419 1592 534 1647 Gaetuli.

261 1714 263 1719 -
374 1679 573 1735 Monasterinm
591 1681 617 1734 S.
636 1679 729 1735 Crucis
748 1679 782 1734 de
799 1680 970 1751 poenitentia
987 1679 1146 1750 Martyrum.

183 1767 187 1774 '
374 1767 402 1821 S.
419 1766 565 1822 Leonardi.
630 1811 635 1819 .

375 1854 401 1908 S.
419 1852 524 1908 Mariae
542 1855 571 1908 in
588 1855 672 1909 Lacu.

255 1997 258 2004 ,
374 1941 400 1996 S
419 1941 550 2012 Stephani
566 1942 596 1996 in
613 1942 710 1997 Muris.

300 2086 305 2096 ,
375 2029 402 2084 S.
420 2029 517 2112 Jacohi
536 2030 659 2086 minoris.

374 2117 401 2170 S.
418 2113 546 2172 Andreae
562 2133 648 2186 penes
667 2117 770 2172 curiam
787 2116 875 2171 Aulae
894 2115 1003 2186 Regiae.

374 2203 401 2258 S.
421 2202 515 2258 Crucis
534 2203 656 2259 minoris.

375 2291 400 2346 S.
418 2289 566 2347 Valentini

376 2378 403 2433 S.
420 2378 533 2434 Ioannis
551 2379 581 2433 iu
599 2378 685 2434 Vada.

375 2465 402 2520 8.
419 2465 532 2520 Martini
549 2466 577 2520 in
596 2465 662 2521 Vico
681 2465 870 2524 calcariiicum.

376 2552 402 2606 S.
420 2551 495 2607 Petri
510 2554 540 2607 in
558 2553 661 2608 Insula.

375 2639 401 2693 S.
418 2639 525 2695 Nicolai
542 2639 658 2694 Minoris
676 2638 801 2696 civitatis.

376 2727 403 2780 S.
420 2725 563 2781 Michaelis
582 2728 633 2781 sub
652 2725 756 2781 Castro.

376 2812 488 2882 Capella
505 2815 531 2868 S.
548 2813 704 2869 Wenceslai
723 2814 773 2871 sub
791 2813 898 2883 Castro,
915 2815 1030 2870 Minoris
1049 2814 1173 2870 civitatis.

375 2897 448 2955 Eccl.
465 2902 491 2956 S.
509 2901 652 2956 Laurentii
670 2901 720 2955 sub
738 2908 829 2955 monte
846 2901 964 2956 Petrino.

375 2989 402 3042 S.
420 2988 557 3044 Iohannis
574 2989 603 3043 in
620 2987 713 3058 Vgezd
730 3003 816 3059 penes
835 2995 923 3042 ortum
941 2989 1091 3060 praepositi
1108 2989 1289 3044 Melnicensis.

376 3076 402 3129 S.
422 3076 558 3132 Johannis
574 3077 605 3130 in
622 3074 715 3146 Vgezd
733 3076 885 3146 praepositi
900 3078 1054 3146 Progensis.

377 3164 403 3217 S.
421 3163 519 3218 Jacobi
536 3165 609 3219 circa
627 3163 826 3219 Gartusienses

376 3251 404 3304 S.
420 3250 561 3306 Benedicti
577 3253 606 3305 in
624 3251 795 3307 Hradczano.

378 3338 404 3392 S.
421 3337 495 3392 Petri
512 3339 540 3392 in
558 3339 693 3394 Porzieca.

379 3426 405 3479 S.
424 3425 570 3480 Clementis
588 3427 617 3480 in
634 3427 768 3482 Porziecz.

377 3512 403 3566 S.
420 3511 563 3567 Michaelis
580 3515 609 3568 in
628 3516 695 3568 ortis
712 3532 851 3586 peponum
868 3516 897 3568 in
915 3515 993 3570 Nova
1011 3517 1125 3572 civitate
1144 3517 1182 3584 (in
1201 3516 1368 3586 Opatovicz).

377 3601 404 3654 S.
421 3598 563 3656 Adalberti
582 3602 632 3657 sub
651 3601 759 3658 Sderaz.

377 3687 403 3740 S.
422 3687 577 3743 Wenceslai
594 3695 658 3744 ante
675 3689 783 3746 Sderan.

377 3773 404 3827 S.
421 3773 560 3830 Pancratii
577 3777 606 3830 in
625 3777 764 3834 (li-ussine.

377 3862 404 3938 S.
420 3861 563 3919 Michaelis
582 3865 633 3920 suh
651 3864 845 3937 Wyssegrado.

378 3947 405 4003 S.
422 3947 527 4006 Mariae
544 3951 573 4005 in
591 3949 669 4008 Valle
687 3952 766 4007 viridi
785 3953 848 4020 (sub
865 3952 1060 4023 Vyssegrado).

377 4036 462 4091 Psdle
481 4037 532 4091 sub
550 4045 642 4094 monte
660 4038 836 4112 Wyssegrad.

377 4121 472 4179 Podol.
535 4145 537 4149 ⁷

378 4211 494 4267 anneo.

378 4293 485 4371 Bubny.

378 4387 405 4441 S.
422 4387 531 4441 Nicolai
549 4389 600 4448 sub
618 4387 765 4449 Podslralo.
