3225 5017
499 326 564 399 Gap.
581 328 656 384 Vm.
678 329 734 386 Res
750 329 962 386 ecclesiastieae.
1224 413 1230 426 Ι
1275 339 1327 388 119

132 525 288 591 cntionem
309 523 524 609 praesentium
541 523 736 608 resipuerint
751 542 823 590 cum
838 521 962 606 effectu,
986 525 1327 608 excommunicationis,

131 649 253 697 necnon
274 630 308 696 in
323 631 556 713 universitates,
578 634 680 697 terras
696 635 729 698 et
742 632 813 698 loca
828 649 938 697 eorum
953 631 1114 696 interdicti
1137 650 1174 696 ae
1190 631 1331 714 capitula

134 739 168 801 et
191 738 370 801 conventus*
385 753 443 802 seu
476 734 611 818 collegia
642 736 859 818 suspensionis
882 737 1055 802 sententias
1086 737 1127 801 de
1155 719 1330 820 praedictis
1366 787 1368 791 .

134 840 326 907 auctoritate
356 843 389 907 et
418 841 551 906 consilio
578 840 832 924 promulgamus3
870 861 890 908 a
918 860 981 926 qua
1010 840 1138 924 quidem
1172 842 1330 926 sententie
1389 863 1393 915 J

132 944 465 1021 excommunicationis
487 939 624 1028 illi,'qui
639 965 710 1012 eam
722 945 924 1038 incurrerint,
946 945 1070 1012 nonnisi
1085 963 1143 1028 per
1155 945 1331 1012 Romanum
1390 965 1392 968 ·

131 1047 322 1134 pontificem,
354 1054 577 1136 praeterquam
598 1051 632 1116 in
653 1051 764 1118 mo‘rtis
793 1051 938 1133 11111110,
971 1051 1177 1118 absolutionis
1211 1049 1331 1119 benefi-

130 1155 216 1224 cium
239 1155 367 1224 ualeant
394 1155 547 1224 obtinere.

236 1295 451 1363 Deceruentes
479 1295 605 1361 irritum
638 1297 672 1361 et
702 1293 808 1376 inane,
841 1295 870 1361 si
892 1313 984 1362 secus
1018 1313 1115 1378 super
1143 1295 1329 1380 praemissis

130 1420 335 1488 aquoquam
357 1400 470 1486 qr1auis
492 1399 681 1468 auctoritate
703 1401 842 1469 scienter
869 1400 921 1468 111
948 1400 1132 1482 ignoranter
1163 1400 1331 1482 contigerit

132 1507 326 1592 attemptari.

234 1645 323 1714 Nulli
346 1663 421 1730 ergo
444 1645 570 1712 omnino
591 1643 754 1713 hominum
775 1645 873 1712 liceat
886 1643 968 1712 hauc
982 1643 1130 1729 paginam
1144 1646 1328 1712 nostrarum

129 1736 375 1837 exemptionum,
411 1749 617 1833 liberationis,
654 1750 832 1832 erectionis,
878 1750 1092 1831 subiectionis,
1136 1749 1322 1832 voluntatis,

127 1857 327 1924 inhibitionis
354 1859 387 1922 et
408 1856 667 1922 constitutionum
700 1853 872 1938 infringere
906 1855 956 1922 vel
986 1856 1017 1922 ci
1046 1873 1126 1922 ausu
1155 1855 1326 1922 temerario
1379 1893 1382 1902 ·

131 1963 296 2030 contrahe.
323 1959 357 2028 Si
379 1962 451 2045 quis
472 1965 580 2028 autem
606 1961 668 2028 hoc
689 1964 880 2043 attemptare
903 1961 1162 2045 praesumpserit,
1183 1960 1329 2042 indigna-

128 2068 250 2135 tionem
272 2066 497 2150 omnipotentis
512 2065 574 2133 Dei
597 2070 630 2132 et
650 2064 816 2133 beatorum
834 2065 921 2134 Petri
939 2059 978 2132 xet
991 2065 1082 2134 Pauli
1100 2064 1330 2150 Apostolorum

138 2172 208 2239 eius
232 2190 267 2239 se
288 2173 414 2240 noverit
434 2171 644 2238 incursurum.
1145 2158 1149 2168 ’

236 2312 354 2380 Datum
377 2310 533 2381 Arinione
553 2311 594 2380 n.
617 2310 751 2379 Kalend
782 2309 871 2394 Maii,
901 2306 1110 2395 pontificatus¹
1125 2311 1226 2378 nostri
1256 2311 1329 2380 anni

135 2418 283 2485 secundo.

233 2521 317 2594 (On'g.
336 2523 366 2577 io
382 2522 490 2577 c'rcha'oo
503 2523 592 2590 palat.
616 2520 725 2576 vedeo.
743 2548 778 2560 -
796 2519 883 2591 capot
905 2519 949 2577 VI.
966 2521 1037 2589 542.)

232 2680 575 2782 archiepiscopo
619 2696 826 2780 Pragcnsi
870 2696 1049 2781 pallium
1086 2715 1329 2767 concessum
1362 2725 1364 2732 .

132 2822 161 2871 a·
188 2801 381 2974 Igiliemms
404 2910 463 2974 etc.
500 2905 552 2972 Ad
574 2908 762 2990 perpetuam
783 2905 832 2971 rei
853 2904 1046 2972 memoriam.

142 3054 146 3059 '
229 3045 438 3114 attendentes
458 3045 652 3129 Pragensem
673 3042 841 3111 ecclesiam
869 3062 1003 3127 magnae
1031 3043 1125 3111 titulo
1155 3045 1320 3128 dignitatis

124 3156 212 3219 inter
232 3151 312 3220 alias
345 3151 484 3237 partium
518 3151 670 3217 ecclesias
705 3148 905 3232 praefulgere
939 3149 1103 3232 dignitate,
1136 3152 1327 3220 rationabile

123 3259 195 3324 fore
228 3257 448 3342 conspicimus,
481 3260 518 3322 ut
545 3255 649 3340 ipsam
678 3255 871 3338 Pragensem
902 3255 1070 3322 ecclesiam
1099 3259 1132 3322 et
1153 3257 1326 3341 archiepis-

125 3379 233 3445 copos,
256 3362 312 3445 qui
333 3380 390 3446 pro
412 3366 554 3445 tempore
576 3361 655 3427 inibi
677 3359 881 3445 praefuerint,
905 3360 1124 3446 spiritualibus
1152 3363 1326 3444 gratiarum

124 3465 346 3549 largitionibus
367 3466 402 3532 in
423 3466 464 3532 iis
487 3465 662 3551 potissime,
693 3485 775 3549 quae
804 3465 847 3531 ad
868 3483 962 3531 suum
991 3465 1088 3532 decus
1122 3469 1155 3533 et
1178 3467 1324 3535 decorem

124 3576 159 3638 et
180 3571 281 3654 ipsius
304 3571 459 3637 ccclesiae
480 3570 699 3637 excellentiam
721 3571 885 3654 dignitatis
907 3572 1089 3654 pertineret,
1116 3572 1315 3639 honoremus.

124 3676 236 3759 Nuper
257 3675 415 3759 siquidem
437 3674 645 3743 suadentibus
677 3675 917 3745 rationabilibus
945 3677 1049 3744 causis
1081 3677 1214 3746 candem
1243 3677 1319 3746 Pra-

123 3799 256 3864 gensem
278 3780 455 3862 ecclesiam,
478 3781 554 3847 olim
580 3779 811 3864 suffraganeam
833 3781 987 3850 ecclesiae
1009 3781 1261 3866 Mogrmtinensis
1285 3803 1323 3852 ac

122 3889 201 3952 tunc
212 3885 252 3952 de
266 3885 430 3970 provincia
443 3884 630 3969 Mogontina
644 3887 841 3968 existentem,
855 3891 887 3953 et
897 3887 1071 3955 venerabili
1086 3887 1184 3954 111111
1199 3893 1317 3971 nostro,

122 3990 271 4071 Amesto,
294 3989 445 4075 episcopo
468 3992 543 4058 olim
568 3992 731 4076 Pragcnsi,
760 3993 793 4058 in
823 3993 1097 4076 archiepiscopum
1127 3993 1321 4076 Pragensem

123 4095 236 4177 electo,
271 4093 417 4177 regimini
454 4091 598 4163 eiusdem
629 4097 798 4180 ngensis
836 4098 991 4166 ecclesiae
1030 4099 1242 4182 praesidente,
1281 4101 1322 4166 de

121 4200 257 4267 fratrum
277 4202 456 4266 nostrorum
480 4201 611 4268 consilio
641 4207 675 4268 et
703 4203 896 4287 apostolicae
924 4203 1122 4287 plenitudine
1152 4206 1319 4287 potestatis

120 4308 157 4373 in
179 4305 481 4390 archiepiscopalem
504 4311 537 4374 et
554 4307 830 4395 metropolitanam
852 4310 1009 4377 ereximus
1033 4313 1066 4377 et
1086 4309 1258 4376 honoribus
1282 4329 1319 4376 ac

119 4409 269 4494 insigniis
284 4409 370 4477 sedis
385 4413 636 4497 metropoliticae
647 4413 794 4484 nunnus
806 4413 1027 4485 decorandam.
1051 4413 1094 4481 Et
1108 4415 1318 4500 attendentes,

177 4519 252 4564 caan
264 4521 287 4575 J.
299 4520 327 4568 1.
339 4520 369 4564 u.
381 4523 402 4564 2.
1162 4522 1195 4574 14
