3225 5017
235 316 291 370 '360
568 313 633 384 (lap.
651 312 712 368 XII.
735 311 842 368 Stratae
862 318 889 368 et
901 312 1101 370 commercium.

239 525 298 573 eve
320 507 332 572 i
354 525 487 591 parvum
508 507 682 588 denarium,
699 510 731 573 et
752 506 892 572 vendens
916 507 1070 587 similiter,
1094 510 1126 573 et
1153 506 1193 572 de
1216 524 1310 589 capra
1341 506 1438 572 etiam

239 630 346 678 emens
369 631 439 678 earn
453 611 464 675 i
479 631 613 694 parvum
631 612 803 692 denarium,
821 614 853 676 et
867 610 1007 678 vendens
1024 611 1178 677 slmiliter.
1205 610 1287 677 Item
1303 611 1438 695 quilibet

239 734 347 780 emens
384 733 514 798 pernam
550 719 677 781 tenetur
713 720 746 781 et
782 711 877 780 debet
910 715 985 780 dare
1017 715 1053 780 iii
1087 733 1201 798 parvos
1232 715 1377 782 denarius
1404 718 1438 782 et

239 819 379 885 vendens
404 817 565 886 similiter.'
603 821 684 887 Item
707 821 858 904 quicquid
882 820 996 886 emerit
1018 819 1102 884 iuter
1124 820 1187 885 alia
1217 818 1258 885 ad
1285 819 1358 886 isud
1380 839 1438 884 un-

240 924 359 1006 geltum
381 926 559 1006 spectantia
580 944 639 1008 pro
661 925 774 990 minori
797 925 909 1008 pretio,
941 944 1035 1007 quam
1056 943 1113 1013 pru
1144 923 1275 989 dimidiu
1305 923 1436 1008 fertone,

241 1027 362 1093 dehoc
385 1028 507 1093 nullum
530 1028 626 1095 debet
648 1028 728 1094 solvi
750 1029 921 1111 ungeltum.

343 1167 382 1233 V.
395 1167 565 1233 Praeterea
576 1167 739 1249 ungeltum
751 1167 791 1232 de
803 1167 887 1232 sale
903 1171 934 1232 et
948 1165 1063 1230 humu
1072 1166 1108 1230 lo
1119 1165 1293 1248 recipiatur
1304 1169 1337 1232 et
1344 1167 1439 1233 detur

240 1273 299 1338 tali
313 1273 423 1339 medo:
448 1272 589 1351 Quilibet
604 1291 711 1338 eruens
725 1290 906 1338 mensuram
922 1271 1007 1352 66116,
1024 1290 1106 1354 quae
1121 1270 1295 1353 vulgariter
1309 1271 1438 1337 schedel

241 1377 366 1458 dicitur,
388 1379 515 1452 tenetur
537 1382 569 1442 et
587 1376 682 1444 debet
696 1377 772 1442 dare
786 1377 798 1440 i
813 1395 946 1460 parvum
961 1375 1126 1442 denarium
1141 1375 1232 1458 Prag.
1250 1379 1282 1442 et
1296 1375 1438 1442 vendens

241 1483 402 1560 slmiliter;
426 1486 459 1547 et
480 1482 521 1546 de
542 1499 698 1561 mensura,
724 1469 805 1564 quae
833 1480 949 1544 dicItur
975 1498 1116 1562 seranna,
1141 1498 1248 1546 emens
1269 1479 1282 1546 1
1305 1499 1439 1563 parvum

242 1586 406 1650 denarium
429 1589 462 1652 et
482 1585 621 1652 vendens
644 1585 799 1651 similiter.
837 1584 918 1649 Item
940 1584 980 1649 de
1001 1584 1110 1668 kuppa
1133 1584 1219 1665 salis,
1245 1602 1327 1668 quae
1348 1602 1443 1648 men--

241 1708 317 1756 sura
337 1689 434 1756 kufen
457 1689 582 1771 dicitur,
614 1708 721 1755 emens
750 1690 917 1771 iparvum
951 1687 1021 1754 den.
1052 1693 1085 1754 et
1117 1687 1257 1755 vendens
1291 1687 1439 1753 similiter

243 1795 365 1860 solvere
387 1795 547 1862 tenebitur
568 1799 601 1860 et
622 1795 759 1862 debebit.
803 1794 885 1859 Item
907 1794 1088 1876 quicunque
1119 1793 1159 1859 de
1186 1793 1317 1859 humule
1344 1791 1439 1858 simul

243 1903 275 1963 et
297 1898 395 1964 semel
418 1917 475 1981 pre
497 1918 560 1964 una
581 1918 688 1965 marca
709 1899 824 1967 emerit
844 1902 901 1963 aut
921 1898 1108 1978 vendiderit,
1133 1916 1240 1964 emens
1262 1901 1389 1964 tenetur
1404 1899 1437 1960 et

243 2002 339 2070 debet
360 2001 437 2068 dare
458 2003 507 2069 iiii
528 2022 643 2087 parvus
667 2004 822 2084 denarius
847 2007 879 2068 et
901 2002 1040 2068 vendens
1063 2001 1218 2068 similiter.

344 2141 398 2207 VI.
430 2142 599 2209 Praeterea
621 2143 785 2225 uugeltum
807 2143 848 2209 de
870 2142 992 2208 melle
1012 2141 1186 2224 recipiatur
1208 2145 1241 2210 et
1264 2141 1358 2206 detur
1388 2145 1437 2206 ta·

241 2247 331 2311 liter:
377 2247 564 2330 Quicunque
598 2251 707 2331 tynam
737 2248 841 2312 mellis
872 2248 984 2313 emerit
1014 2250 1069 2312 aut
1098 2244 1285 2326 vendiderit,
1317 2249 1439 2327 emptor

245 2350 285 2415 de
319 2352 395 2434 tyna
427 2350 530 2415 mellis
545 2362 548 2371 ·
563 2353 690 2416 tenetur
719 2354 751 2416 et
781 2350 876 2417 debet
909 2351 989 2416 dare
1018 2351 1030 2415 1
1062 2349 1218 2416 fertonem
1251 2367 1350 2433 grass.
1379 2349 1441 2414 den

242 2454 334 2536 Prag.
359 2458 392 2519 et
412 2455 559 2521 venditor
580 2455 743 2535 similiter3
768 2454 809 2520 de
824 2455 887 2521 clla
908 2473 984 2522 vero
1006 2454 1108 2522 mellis
1131 2473 1222 2522 nemo
1236 2458 1363 2520 tenetur
1377 2453 1438 2518 sul·

243 2577 319 2624 vere
340 2560 513 2640 ungeltum.

345 2662 415 2728 VH.
449 2663 618 2731 Praeterea
640 2665 803 2746 ungeltum
829 2664 869 2729 de
890 2665 1102 2747 piscibus:

347 2767 489 2846 Quilibet
518 2787 625 2834 emens
655 2768 813 2834 sarcinam
841 2768 959 2850 allecis,
996 2788 1077 2851 quae
1106 2768 1280 2852 vulgariter
1308 2785 1439 2851 maysen

247 2981 280 3040 61
301 2976 441 3042 vendens
464 2977 618 3042 similiter.

348 3081 429 3146 Item
451 3081 632 3163 quicunque
662 3081 774 3146 allecia
803 3081 972 3146 adduxerit
1000 3086 1033 3147 et
1053 3083 1191 3148 vendere
1219 3082 1358 3148 noluerit
1386 3080 1439 3146 vel

243 3184 325 3249 forte
347 3203 410 3250 ncn
431 3187 557 3268 peterit,
580 3188 686 3267 petest
707 3184 790 3252 infra
812 3185 881 3250 xiiii
904 3184 972 3252 dies
996 3187 1159 3252 continuos
1182 3186 1277 3267 edic,
1303 3205 1365 3269 qua
1380 3185 1437 3250 ad-

245 3289 345 3370 duxit,
376 3290 488 3355 eadem
521 3291 634 3356 allecia
659 3291 826 3371 abducere,
856 3291 977 3356 nullum
1008 3292 1167 3356 soluturus
1196 3291 1375 3373 ungeltum3
1410 3289 1440 3354 si

244 3413 319 3460 vero
342 3395 402 3458 hec
424 3394 529 3460 facere
550 3395 741 3478 neglerrerIt,¹
764 3399 892 3461 tenetur
921 3399 954 3460 et
982 3395 1077 3462 debet
1104 3395 1286 3462 immediate
1316 3395 1471 3470 solvere,

245 3500 417 3582 ungeltum.

348 3605 429 3670 Item
462 3604 503 3670 de
534 3604 668 3670 husione
701 3605 803 3670 etde
832 3603 973 3686 piscibus
1005 3623 1152 3669 curruum
1184 3607 1306 3687 emptur
1320 3604 1439 3669 ‘herum

246 3812 393 3878 denarios
415 3817 448 3879 et
469 3813 610 3879 vendens
633 3813 787 3894 similiter,
815 3813 843 3878 61
857 3831 914 3896 pro
930 3832 1036 3879 marca
1052 3814 1165 3879 emerit
1187 3817 1219 3878 61
1240 3812 1437 3893 vendiderit;

245 3917 359 3982 sivero
373 3937 431 4000 pru
447 3919 560 3984 minori
576 3919 678 4001 pretio
694 3937 788 4000 quam
804 3936 862 4000 pro
876 3936 992 3999 marca,
1008 3917 1130 3983 nullum
1146 3918 1249 3982 sulvat
1263 3917 1435 3999 ungeltum.

348 4055 434 4123 VIII.
479 4057 649 4124 Praeterea
670 4056 834 4139 ungeltum
865 4057 905 4122 de
925 4057 1170 4124 braxaturis
1198 4055 1370 4122 cerevisiae
1392 4056 1439 4120 616

245 4161 340 4227 debet
361 4161 461 4244 recipi
484 4167 518 4228 et
538 4163 616 4243 dari,
641 4160 725 4244 quod
747 4161 881 4244 quilibet
903 4160 943 4226 de
965 4162 1106 4244 quolibet
1127 4162 1239 4227 brasee
1265 4160 1370 4226 venali
1391 4163 1440 4226 te·

243 4271 337 4332 netur
358 4271 391 4332 et
413 4266 507 4333 debet
530 4268 605 4332 dare
628 4266 707 4331 duos
730 4283 856 4348 grossos
880 4265 1026 4332 denarius
1053 4267 1237 4350 Pragenses.

1175 4387 1307 4455 (Rcmzlcr
1324 4386 1346 4441 I.
1366 4387 1402 4453 1.)
