3225 5017
566 320 668 368 268
781 274 785 280 υ
981 363 983 367 ,
1434 313 1565 384 Cap.
1600 311 1695 366 IX.
1732 311 2088 368 UniversitaS.

559 513 895 575 teneantur
938 509 1203 575 eandem
1248 507 1621 573 electionem
1675 525 1795 572 seu
1845 507 2336 572 nominationem
2401 508 2740 591 suscipere,
2805 527 2953 573 cum

560 613 793 679 fuerint
836 614 903 679 in
947 615 1081 678 suis
1111 613 1469 678 nationibus
1502 610 1828 694 deputati3
1877 615 1941 676 et
1970 612 2275 693 praestito
2306 612 2661 694 juramento
2693 613 2955 696 antiquo

559 718 790 784 rectori
835 718 916 783 de
958 717 1181 783 fraude
1228 734 1353 783 non
1399 715 1820 782 commitenda
1865 717 2102 798 eligant
2165 719 2410 799 septem
2468 717 2626 782 alios
2693 717 2772 782 de
2813 721 2955 782 tota

560 821 1025 901 Universitate3
1101 821 1211 903 qui
1293 821 1384 885 sic
1443 819 1631 885 electi
1690 820 1921 884 iterum
1973 821 2190 902 jurent
2247 820 2477 885 rectori
2542 822 2804 905 antiquo
2875 821 2956 885 de

558 925 783 992 fraude
839 945 963 991 non
1023 924 1470 991 committenda
1528 929 1593 989 et
1637 924 1872 1005 eligant
1930 924 2088 990 alios
2150 925 2463 1008 quinque3
2514 927 2624 1008 qui
2670 926 2948 1009 quinque

554 1033 771 1116 jurent
810 1032 1043 1098 iterum
1082 1030 1339 1095 Rectori
1383 1027 1661 1111 antiquo,
1711 1027 1880 1111 quod
1918 1028 2114 1093 velint
2145 1029 2380 1111 eligere
2408 1031 2618 1095 virum
2647 1031 2946 1095 idoneum

562 1136 909 1202 secundum
951 1135 1217 1201 formam
1274 1135 1450 1216 prius
1512 1133 1831 1216 scriptam.
1904 1133 1990 1198 Et
2037 1153 2472 1218 quemcunque
2530 1135 2625 1201 illi
2669 1136 2951 1218 quinque

561 1242 664 1308 vel
722 1242 923 1325 major
964 1257 1113 1323 pars
1174 1257 1390 1304 eorum
1450 1236 1775 1318 elegerint,
1836 1256 1950 1320 pro
2009 1243 2256 1304 rectore
2315 1239 2768 1305 Universitatis
2852 1243 2946 1304 te-

564 1349 807 1411 neatur.

641 1457 644 1462 '
770 1449 857 1514 Et
920 1452 1086 1528 nota,
1155 1447 1326 1531 quod
1390 1446 1579 1530 primi
1647 1449 1918 1526 quatuor
1984 1422 2218 1513 debent
2291 1449 2527 1529 eligere
2589 1447 2952 1531 praedictos

564 1560 809 1638 septem
852 1553 1015 1620 infra
1058 1571 1248 1617 unam
1312 1549 1532 1616 horam
1578 1549 1907 1631 horologii,
1959 1552 2074 1616 sub
2121 1570 2324 1634 poena
2377 1552 2643 1635 quilibet
2703 1552 2955 1616 dimidii

562 1659 813 1740 floreni;
861 1665 927 1726 et
969 1661 1199 1725 iterum
1241 1658 1334 1723 illi
1380 1661 1625 1740 septem
1658 1655 1900 1721 ‘debent
1944 1657 2180 1737 eligere
2225 1657 2504 1740 quinque
2547 1656 2710 1722 infra
2755 1676 2945 1721 unam

563 1767 751 1831 aliam
780 1764 1018 1846 horam,
1066 1763 1334 1847 quilibet
1374 1762 1490 1828 sub
1534 1779 1740 1843 poena
1784 1760 1971 1825 unius
2015 1758 2271 1838 floreni;
2318 1765 2383 1826 et
2428 1762 2707 1843 quinque
2743 1762 2956 1827 ultimi

564 1870 795 1936 debent
878 1870 1110 1952 eligere
1173 1867 1484 1932 rectorem
1543 1864 1709 1930 infra
1761 1883 1951 1930 unam
2014 1865 2233 1931 horam
2293 1865 2602 1948 similiter,
2662 1886 2780 1932 nec
2840 1885 2954 1949 po-

562 1977 857 2039 testatem
903 1973 1269 2038 continuare
1309 1972 1574 2054 possint,
1622 1962 1739 2036 sub
1787 1970 2008 2036 eadem
2039 1981 2261 2052 poena.
2323 1970 2567 2048 Quodsi
2609 1990 2735 2037 non
2779 1971 2948 2036 fece-

565 2079 711 2160 rint,
777 2078 1043 2160 quilibet
1087 2077 1291 2142 solvet
1332 2095 1527 2141 unum
1572 2073 1895 2156 florenum,
1945 2078 2009 2140 et
2054 2076 2292 2157 eligant
2334 2077 2401 2141 in
2456 2077 2612 2141 hora
2657 2079 2952 2160 sequenti

562 2183 811 2262 iterum,
874 2182 1140 2265 quilibet
1197 2180 1315 2246 sub
1373 2199 1577 2263 poena
1622 2180 1811 2245 unius
1855 2178 2094 2260 floreni,
2157 2185 2223 2245 et
2277 2199 2402 2245 non
2469 2180 2770 2246 recedant
2825 2180 2954 2245 nisi

564 2286 885 2369 elegerint.
934 2285 1021 2352 Et
1051 2304 1163 2369 pro
1210 2285 1493 2369 qualibet
1534 2283 1710 2365 hora,
1756 2284 1824 2350 in
1868 2303 1993 2366 qua
2036 2302 2161 2349 non
2207 2285 2529 2367 elegerint,
2577 2285 2784 2350 solvat
2813 2286 2953 2366 qui-

560 2391 717 2456 libet
743 2410 938 2456 unum
966 2388 1286 2455 florenum.
1336 2387 1403 2454 Si
1434 2407 1583 2454 vero
1616 2389 1952 2471 quisquam
1979 2389 2234 2453 illorum
2269 2389 2606 2454 recesserit
2638 2388 2953 2453 electione

565 2513 688 2560 non
732 2494 920 2577 facta,
966 2494 1259 2579 perjurus
1302 2497 1651 2578 reputetur.
2142 2501 2145 2504 “

768 2598 827 2667 3.
874 2600 991 2666 De
1017 2599 1597 2683 publicatione
1629 2599 2084 2664 electionis
2118 2599 2488 2665 rectoris
2519 2602 2600 2664 et
2627 2599 2952 2664 intima-

561 2705 680 2770 tio
694 2724 739 2770 n
754 2723 806 2770 e.
834 2704 1032 2769 Facta
1055 2704 1361 2770 electione
1383 2705 1650 2770 rectoris
1666 2721 1828 2768 unus
1846 2703 1927 2768 de
1951 2702 2331 2769 electoribus
2358 2703 2652 2786 quinque,
2678 2704 2745 2769 in
2762 2723 2950 2787 quem

563 2827 779 2875 omnes
825 2809 1341 2876 concordaverint
1405 2809 1507 2875 vel
1550 2809 1753 2893 major
1794 2825 1961 2889 parS,
2019 2807 2236 2873 statim
2281 2808 2552 2873 electum
2593 2808 2945 2874 nominabit

564 2917 630 2978 et
670 2911 1021 2997 publicabit
1065 2931 1210 2978 eum
1251 2911 1688 2978 Universitati.
1780 2911 1867 2975 Et
1927 2911 1982 2976 si
2043 2913 2282 2977 electus
2343 2912 2409 2977 in
2463 2913 2946 2996 congregatione

563 3037 687 3083 non
729 3017 939 3098 fuerit,
1000 3017 1078 3084 ab
1125 3017 1503 3083 electoribus
1550 3019 1892 3101 quaeratur
1936 3020 2001 3081 et
2060 3018 2284 3082 electio
2346 3017 2426 3083 de
2483 3036 2555 3083 se
2608 3017 2777 3082 facta
2822 3017 2944 3083 sibi

564 3123 951 3204 exprimatur
995 3127 1061 3187 et
1084 3140 1426 3187 consensus
1475 3121 1678 3202 ipsius
1711 3121 1987 3203 desuper
2014 3122 2391 3204 requiratur.
2439 3121 2700 3186 Electus
2732 3125 2942 3187 autem

562 3225 731 3291 facta
776 3226 898 3292 sibi
942 3225 1055 3291 tali
1100 3225 1513 3304 intimatione,
1560 3243 1686 3289 non
1730 3225 2060 3291 excusabit
2103 3245 2191 3307 se,
2257 3228 2371 3293 sub
2418 3245 2622 3308 poena
2667 3219 2948 3310 quinque

562 3348 1015 3412 sexagenarum
1059 3348 1420 3412 grossorum
1462 3327 1892 3410 Pragensium.
1940 3330 2202 3396 Electus
2231 3332 2440 3412 etiam,
2485 3331 2610 3396 nisi
2641 3348 2943 3413 praesens

560 3433 755 3501 fuerit
809 3438 1034 3515 rector,
1110 3453 1224 3499 suo
1281 3434 1551 3514 nomine,
1612 3453 1736 3499 non
1794 3435 1873 3500 ab
1933 3435 2058 3500 alio
2123 3436 2521 3516 substitutus,
2583 3437 2943 3500 renuntiare

563 3557 689 3605 non
752 3540 955 3621 possit
1012 3539 1305 3604 electioni
1371 3538 1453 3603 de
1498 3556 1566 3603 se
1631 3538 1854 3619 factae,
1926 3542 2119 3606 etiam
2183 3541 2419 3606 nullius
2486 3541 2806 3622 privilegii
2849 3538 2949 3606 vel

565 3644 980 3709 immunitatis
1010 3647 1360 3725 praetextu,
1410 3643 1534 3708 nisi
1565 3643 1727 3708 forte
1756 3644 2128 3710 rationalem
2171 3645 2641 3710 excusationem
2683 3644 2946 3722 habeat3

567 3769 731 3832 quae
777 3749 831 3814 si
892 3767 1008 3832 per
1049 3751 1361 3814 rectorem
1404 3747 1732 3828 antiquum
1778 3766 1921 3812 cum
1965 3748 2186 3831 majori
2231 3753 2413 3831 parte
2451 3749 2969 3814 consiliariorum·

562 3853 756 3919 fuerit
821 3853 1187 3936 approbata,
1256 3855 1408 3916 tunc
1474 3868 1685 3916 coram
1752 3853 1910 3935 ipsis
1971 3853 2210 3917 electus
2270 3853 2348 3917 de
2409 3872 2639 3920 causae
2682 3853 2948 3920 veritate

557 3959 774 4040 jurare
828 3961 1135 4023 teneatur.
1227 3955 1468 4035 Quodsi
1512 3974 1636 4021 non
1680 3956 1920 4038 fecerit,
1985 3957 2070 4021 sit
2110 3963 2417 4040 perpetuo
2462 3960 2749 4041 privatus
2793 3956 2946 4022 Uni-

564 4063 883 4128 versitatis
931 4060 1255 4127 commodo
1323 4065 1388 4126 et
1431 4061 1684 4142 honore,
1753 4080 1870 4126 nec
1936 4062 2187 4126 restitui
2254 4063 2475 4145 possit,
2543 4065 2668 4128 nisi
2713 4063 2944 4128 dictam

563 4186 830 4250 poenam
874 4168 1210 4251 persolvat,
1258 4186 1449 4249 quam
1490 4171 1744 4232 nostrae
1789 4167 2206 4233 Uuiversitati
2270 4168 2559 4233 volumus
2619 4168 2943 4251 applicari.

563 4272 649 4336 Et
714 4272 885 4339 idem
947 4271 1427 4354 intelligendum
1494 4275 1594 4335 est
1652 4272 1718 4336 in
1781 4273 1908 4352 illo,
1981 4273 2089 4355 qui
2149 4274 2288 4354 ipso
2348 4273 2452 4339 die
2515 4273 2841 4338 electionis
2887 4276 2949 4336 et

566 4377 855 4458 sequenti
899 4377 1182 4458 proximo
1244 4376 1636 4441 recusaverit
1692 4382 2042 4443 rectoratus
2089 4375 2365 4442 officium
2409 4381 2760 4461 acceptare.
2823 4377 2944 4441 Re-
