3225 5017
493 324 558 396 Gap.
575 323 635 379 XII.
646 297 764 379 'suetae
783 330 812 379 et
828 321 1025 379 commercium
1304 326 1355 379 357

160 523 250 605 rogia
263 521 342 588 mihi
357 522 390 587 in
404 519 465 587 hae
480 524 571 603 parte
583 519 751 585 commissa
766 516 987 601 praesentibus
1009 517 1124 582 maudo
1146 520 1180 583 et
1194 516 1355 600 praecipio

162 627 291 709 seriose,
325 630 481 709 quatenus
514 643 586 691 mox
619 623 670 689 his
699 624 787 703 visis,
823 622 1018 705 subscriptos
1047 621 1199 688 articulos
1226 621 1357 689 Civitati

161 730 276 815 Majom'
297 732 449 815 Pragensi
471 751 528 815 per
550 730 712 797 dominum
740 731 885 795 nostrum
913 745 1022 809 regom
1044 728 1183 809 gratiose
1209 726 1302 792 datos
1325 731 1358 793 et

162 852 338 917 concessos,
362 838 395 903 in
417 838 495 903 loeis
512 840 544 902 et
566 832 764 899 districtibus
787 833 904 899 vostris
917 830 1029 898 diebus
1044 831 1223 897 forensibus
1236 831 1358 914 procla·

160 940 240 1005 mari
262 939 387 1007 faciatis
411 946 444 1008 et
465 941 505 1006 ab
529 937 675 1005 omuibus
697 938 926 1004 iuviolabiliter
948 937 1127 1004 observari:

247 1061 354 1128 Primo
369 1062 528 1143 videlieet,
551 1061 636 1146 quod
651 1061 757 1127 nullus
770 1061 933 1143 hospitum
949 1062 1071 1126 merces
1096 1063 1129 1126 et
1143 1058 1356 1141 mercimonia,

161 1166 376 1251 cuiuscunque
399 1167 588 1232 conditionis
611 1166 758 1248 existant,
780 1165 815 1230 in
828 1166 916 1231 nulla
938 1165 1067 1231 civitate
1091 1183 1189 1248 reguo
1204 1164 1354 1231 Boemiae

162 1272 258 1337 insita
281 1272 444 1355 efaseiare,
475 1272 635 1355 disligare,
666 1271 811 1353 religare,
841 1270 980 1337 vendere
1009 1275 1043 1336 et
1064 1270 1223 1353 deponere
1245 1269 1359 1337 debeat

162 1394 199 1441 ac
224 1381 407 1459 praesumat
421 1381 652 1460 praeterquam,
668 1377 702 1442 in
719 1374 834 1442 Maiori
851 1374 989 1441 Civitate
1004 1374 1156 1458 Pragensi
1178 1374 1356 1455 antedicta3

162 1480 344 1547 civitatibus
367 1482 531 1549 dumtaxat
557 1482 591 1547 in
612 1482 721 1562 Ponte,
754 1479 887 1546 Colonia
914 1485 948 1545 et
970 1478 1118 1545 Budweis
1148 1480 1298 1562 exceptis,
1321 1483 1358 1544 ut

160 1583 205 1650 ibi
227 1585 328 1652 alecia
351 1590 383 1651 et
404 1586 509 1669 pisces
533 1587 610 1653 salsi
633 1585 839 1665 solummodo,
874 1584 958 1650 sicut
990 1583 1030 1650 ab
1054 1584 1186 1667 antiquo
1209 1584 1356 1668 deposita

160 1692 244 1773 sunt,
267 1690 371 1756 adhuc
393 1690 520 1758 valeant
541 1691 656 1775 deponi
678 1694 774 1773 atque
796 1690 928 1772 possint.

264 1795 302 1861 It.
328 1794 412 1878 quod
442 1795 546 1861 omnio
577 1801 610 1863 et
632 1795 756 1877 singula
786 1793 999 1875 mercimonia,
1031 1811 1113 1875 quae
1143 1791 1184 1858 de
1214 1792 1355 1874 Polonia,

159 1896 306 1981 Bavaria,
330 1898 471 1981 Austris,
496 1898 647 1982 Ungaria,
663 1898 806 1980 Lusatia,
829 1897 935 1964 Misna
951 1899 984 1964 et
1005 1896 1077 1962 aliis
1092 1897 1187 1963 terris
1210 1916 1268 1981 per
1283 1916 1354 1980 reg-

160 2022 238 2068 num
266 2002 416 2069 Boemiae
445 2004 573 2069 inantea
607 2003 680 2069 duci
716 2003 894 2086 eontigerit,
930 2019 993 2067 nou
1027 2000 1103 2067 alibi
1134 2005 1357 2085 praeterquam

160 2111 293 2174 stratam
322 2108 476 2176 directam
506 2127 563 2193 per
588 2113 622 2176 et
643 2109 684 2175 ad
706 2108 868 2176 civitatem
896 2109 1087 2190 Prageusem
1116 2106 1191 2173 duci
1220 2106 1358 2173 debeant

161 2212 385 2295 supradictam.
998 2210 1178 2281 (Famam
1195 2210 1231 2264 Π
1249 2213 1321 2279 164).

265 2404 1355 2490 20.IstapertinentadponduscivitatisPrageusis:

264 2527 380 2609 Primo,
403 2527 529 2593 mande]
558 2527 623 2594 und
652 2528 725 2608 reis,
755 2528 861 2594 lorber
889 2529 954 2593 und
976 2524 1084 2594 decha
1115 2528 1154 2594 11
1177 2527 1356 2612 quecsilber

160 2631 225 2696 und
254 2632 394 2713 messing
425 2631 490 2696 und
518 2631 648 2714 peoken.
680 2631 718 2696 It.
745 2630 849 2697 zwifal
879 2650 997 2713 samen,
1027 2632 1122 2698 lauch
1151 2651 1261 2700 samen
1290 2630 1357 2697 und

162 2736 290 2801 svaden.
314 2734 352 2800 lt.
376 2752 449 2817 gros
464 2734 579 2816 wacho,
602 2752 667 2800 was
682 2734 783 2800 under
805 2736 869 2801 eim
884 2741 996 2803 centon
1017 2737 1068 2803 ist
1092 2737 1130 2804 11
1146 2736 1226 2804 talel
1240 2737 1355 2818 wachs,

160 2841 200 2906 wi
223 2841 267 2907 vil
288 2840 346 2907 dez
368 2839 420 2921 ist,
445 2839 503 2906 daz
527 2839 639 2923 gehort
667 2858 708 2905 an
730 2838 787 2905 der
809 2845 873 2907 stat
894 2860 983 2923 wege
1005 2842 1107 2909 under
1129 2842 1192 2907 den
1213 2842 1354 2909 hamon.

263 2945 302 3012 It.
325 2944 446 3028 pfeffer,
469 2945 588 3027 ingver,
612 2948 743 3025 mussat,
767 2945 869 3027 negel,
893 2944 1009 3012 saffrau
1031 2947 1097 3012 und
1118 2947 1181 3013 alle
1203 2948 1355 3031 spezerei,

159 3049 200 3115 wi
222 3049 255 3115 di
278 3055 394 3132 genart
414 3050 466 3133 ist,
490 3050 549 3115 mit
570 3050 653 3117 allen
675 3049 802 3132 varben,
826 3051 866 3116 wi
880 3051 925 3117 vil
947 3052 1004 3116 der·
1024 3051 1077 3133 ist,
1101 3053 1160 3118 daz
1182 3053 1295 3135 gehort
1314 3072 1355 3117 zu

160 3153 218 3219 der
239 3158 304 3221 stat
325 3173 413 3238 wege
434 3155 535 3221 under
561 3154 622 3221 den
643 3154 783 3221 kramen.

261 3258 299 3324 It.
323 3260 470 3343 weinper,
500 3258 615 3342 leigen,
647 3259 756 3341 saisen,
788 3258 895 3327 swefel
924 3260 990 3325 und
1020 3260 1127 3327 kvmel
1155 3260 1214 3327 mit
1234 3280 1355 3345 genuen

159 3363 252 3445 lagen
273 3363 351 3429 oder
374 3370 482 3447 tuneu,
506 3366 600 3430 alauu
622 3365 688 3430 und
702 3365 807 3432 kvmel
829 3365 888 3431 mit
909 3384 1029 3447 genuen
1044 3365 1162 3432 seckon
1185 3367 1299 3449 gehort
1321 3368 1354 3431 in

160 3467 221 3532 den
243 3466 402 3535 Vror-hol
413 3489 455 3534 zu
470 3487 587 3551 wegeu.
611 3468 677 3537 Wil
700 3469 758 3535 daz
774 3470 861 3537 solbe
877 3474 934 3554 gut
949 3470 1007 3535 dar
1027 3471 1109 3537 nach
1123 3475 1233 3555 ymant
1246 3470 1353 3552 tollen,

160 3570 218 3637 daz
241 3571 329 3639 schol
350 3572 490 3658 nymand
512 3578 589 3640 tuen
611 3574 712 3641 denne
734 3574 793 3640 mit
814 3593 918 3657 weger
939 3575 1040 3641 under·
1061 3576 1123 3641 den
1146 3575 1286 3641 kramen

264 3764 354 3830 Ista
386 3766 606 3848 pertinent
634 3764 683 3832 ad
705 3766 872 3850 pondus
902 3766 1128 3851 (civitatis)
1159 3767 1200 3832 in
1230 3767 1353 3833 Laeta

160 3866 298 3936 (iuria.

264 3973 380 4055 Primo,
404 3976 552 4058 weiuper,
575 3974 689 4057 foigen,
713 3975 815 4041 ssifen
836 3976 901 4040 und
917 3975 1023 4042 swefel
1045 3976 1105 4041 mit
1126 3995 1246 4060 ganzeu
1260 3975 1353 4059 lagen

160 4077 237 4142 oder
258 4082 365 4161 tunen,
387 4078 540 4162 laquariz,
571 4080 664 4147 alavn
686 4079 751 4146 und
773 4080 880 4159 komel
901 4081 959 4146 mit
980 4100 1102 4163 ganzeu
1128 4082 1260 4162 secken3
1287 4080 1352 4147 und

158 4182 211 4248 wil
240 4182 299 4247 daz
329 4184 416 4250 solbe
445 4189 502 4265 gut
532 4184 671 4251 darnach
700 4190 810 4269 ymant
839 4186 945 4268 teilen,
976 4186 1034 4251 daz
1065 4186 1154 4252 schol
1174 4206 1255 4253 nuer
1274 4191 1352 4252 tuen

159 4286 218 4352 der
239 4290 305 4354 stat
326 4288 427 4355 under
449 4287 511 4355 den
532 4289 662 4355 kramen
686 4308 830 4372 gesworu
852 4309 956 4374 weger
978 4290 1055 4358 oder
1077 4292 1145 4357 sein
1167 4293 1285 4360 dienm.

261 4391 299 4457 11
323 4394 512 4476 zuckermel,
540 4395 599 4476 oel,
623 4396 682 4461 daz
705 4396 819 4479 gehort
839 4398 872 4463 in
894 4397 955 4462 den
977 4395 1141 4464 Vror-hof.
1174 4397 1212 4465 It
1235 4397 1351 4481 wachz,
