3225 5017
623 309 725 358 250
1484 304 1614 372 Gap.
1649 303 1742 359 IX.
1779 302 2137 361 Universitas.

620 497 1145 581 archiepiscopali
1188 495 1493 580 Pragensi
1556 495 1897 564 solenniter
1938 497 2289 580 magisterii
2341 498 2705 583 hujusmodi
2762 497 2991 564 honore

615 619 733 684 per
774 591 1077 668 consueta
1119 601 1391 683 insignia
1435 619 1579 666 cum
1624 601 1855 667 debitis
1900 603 2402 686 solennitatibus,
2466 605 2549 669 inv
2593 601 2824 669 talibus
2885 604 2990 669 ob-

619 704 860 769 servari
925 706 1262 786 consuetiS,
1327 705 1529 788 primo
1586 704 1727 770 loco
1782 705 2077 772 duximus
2136 706 2578 788 decorandum,
2640 707 2862 773 dantes
2929 715 2991 775 et

617 809 1031 876 concedentes
1103 809 1310 875 eidem
1382 809 1758 874 auctoritate
1818 810 2296 877 cancellariatus
2354 811 2553 877 nostri
2610 811 2860 894 plenam
2918 829 2989 875 ac

615 913 879 980 liberam
936 912 1322 993 facultatem,
1368 914 1435 978 in
1477 912 1791 979 kathedra
1831 915 2183 996 magistrali
2231 915 2588 982 liberalium
2644 915 2877 980 artium
2926 915 2989 978 in

615 1018 825 1084 studio
890 1017 1190 1100 Pragensi
1256 1021 1322 1083 et
1376 1017 1536 1082 alias
1604 1012 1840 1101 ubique
1898 1018 2180 1086 locorum
2242 1020 2495 1102 legendi
2555 1023 2621 1085 et
2676 1018 2990 1103 quoslibet

612 1126 794 1188 actus
835 1121 1112 1189 faciendi
1155 1125 1220 1187 et
1265 1120 1598 1188 exercendi
1642 1122 2061 1204 magistrales.
2121 1123 2390 1202 Harum,
2432 1123 2660 1208 quibus
2704 1126 2990 1189 nostrum

611 1227 815 1310 maJus
887 1226 1165 1308 sigillum
1236 1243 1587 1309 appensum
1660 1229 1776 1308 est,
1863 1227 2225 1293 testimonio
2319 1229 2663 1296 literarum.
2754 1228 2992 1293 Datum

610 1329 855 1414 Pragae
900 1349 954 1395 a.
1002 1330 1080 1396 D.
1131 1329 1298 1410 1359
1345 1329 1450 1397 die
1497 1330 1596 1395 12.
1642 1329 1837 1397 Junii.
2434 1348 2571 1417 (Lib.
2608 1350 2779 1402 Enoc.
2814 1350 2924 1417 25.)

816 1520 1070 1586 Primi
1113 1520 1641 1604 professores
1685 1522 1765 1586 in
1809 1521 2396 1590 Universitate
2438 1523 2841 1606 legentes,

814 1622 1143 1693 Magistri
1194 1622 1625 1692 theologiae.
1694 1624 1942 1680 Fuerunt
1993 1630 2177 1680 autem
2231 1625 2471 1695 quinque
2523 1626 2771 1696 magistri
2836 1624 2990 1679 theo-

608 1710 802 1782 logiae,
838 1726 1068 1780 quorum
1104 1727 1248 1765 unus
1284 1710 1417 1780 legit
1448 1711 1507 1765 in
1542 1710 1774 1766 ecclesia
1807 1710 2085 1781 Pragensi,
2122 1711 2215 1766 alii
2249 1726 2378 1767 vero
2415 1713 2665 1783 magistri
2706 1711 2765 1768 in
2800 1728 2990 1768 mona—

610 1797 791 1852 steriis
828 1797 914 1853 sui
950 1796 1156 1853 ordinis
1193 1813 1404 1854 sacram
1440 1797 1773 1866 theologiam
1808 1799 2071 1868 legerunt.
2111 1799 2334 1867 (Chron.
2368 1799 2589 1868 Franc.)

811 1937 1155 2007 Magister
1205 1937 1555 2006 Nicolaus,
1602 1936 1831 1992 fratrum
1867 1936 2232 1992 Eremitarum
2278 1939 2330 1994 S.
2377 1938 2675 2009 Augustini
2725 1939 2783 1993 in
2832 1940 2992 1996 Nova

609 2023 838 2079 civitate
872 2025 975 2080 sub
1010 2030 1190 2079 castro
1225 2023 1489 2093 Pragensi
1523 2023 1595 2078 ad
1631 2025 1913 2080 ecclesiam
1949 2025 2001 2079 S.
2037 2025 2277 2081 Thomae
2315 2027 2539 2096 Apost.:
2594 2025 2836 2094 „Primus
2880 2043 2990 2081 ma-

609 2111 778 2179 gister
812 2111 871 2166 iu
904 2111 1186 2166 Beheimia
1219 2112 1272 2166 S.
1308 2112 1634 2181 theologiae,
1668 2111 1839 2167 frater
1861 2112 2122 2168 Nicolaus
2147 2112 2263 2169 ord.
2285 2112 2609 2183 Augustini“
2651 2114 2805 2182 (Beu.
2828 2113 2989 2182 Min.)

604 2199 1069 2254 Commemoratur
1101 2199 1158 2253 in
1193 2199 1498 2254 inventario
1535 2198 1781 2267 ejusdem
1817 2200 2134 2256 monasterii
2168 2216 2249 2255 ca.
2287 2205 2676 2256 1409-1418.:
2712 2201 2987 2270 Magister

603 2285 655 2340 N
657 2286 864 2341 icolaus
915 2285 982 2341 de
1018 2287 1194 2341 Luna.
1268 2286 1481 2355 („Unus
1519 2291 1748 2342 ornatus
1799 2285 1867 2341 de
1900 2287 2071 2343 rubeo
2109 2289 2346 2343 axamito
2382 2287 2629 2357 magistri
2660 2287 2880 2343 Nicolai
2922 2286 2989 2341 de

603 2373 814 2428 Luna“.
849 2373 1094 2443 Tomek.)

812 2495 1153 2551 Albertus
1202 2494 1593 2565 monachus,
1634 2493 1864 2550 fratrum
1912 2496 2188 2551 Minorum
2234 2495 2305 2551 ad
2352 2497 2405 2551 S.
2446 2495 2715 2552 Jacobum
2748 2496 2985 2566 Maj0ris

605 2583 718 2638 Civ.
751 2582 909 2652 Prag.
942 2584 1010 2638 A.
1049 2588 1199 2638 1349.
1239 2582 1442 2650 „frater
1482 2583 1761 2653 Albertus,
1809 2590 1942 2638 tunc
1974 2584 2145 2640 lector
2177 2584 2488 2654 Pragensis,
2520 2584 2700 2640 factus
2734 2582 2842 2638 fuit
2875 2598 2986 2638 ma-

602 2671 770 2739 gister
804 2684 996 2726 sacrae
1029 2669 1368 2739 theologiae“
1411 2670 1564 2740 (Ben.
1611 2670 1787 2740 Min.).
1842 2676 1977 2725 1349
2035 2670 2325 2736 „Albertus
2360 2671 2625 2727 Bludovis
2662 2669 2791 2725 Ord.
2828 2669 2983 2725 fratr.

601 2757 754 2827 Min.,
800 2758 971 2813 lector
1016 2757 1074 2812 in
1107 2757 1301 2828 Praga,
1348 2757 1442 2827 qui
1488 2763 1648 2811 extra
1680 2774 1910 2826 regnum
1953 2758 2213 2815 Boemiae
2258 2759 2314 2813 iu
2351 2757 2579 2815 diversis
2621 2758 2985 2814 Generalibus

602 2844 809 2899 Studiis
862 2845 1033 2899 multo
1087 2837 1340 2916 tempore
1386 2850 1442 2901 et
1488 2844 1705 2899 demum
1750 2844 1807 2899 in
1859 2845 2041 2901 studio
2088 2846 2260 2902 Paris.
2308 2845 2522 2901 duobus
2577 2844 2735 2900 annis
2790 2860 2986 2901 sacrae

600 2930 834 3001 paginae
886 2931 1233 2987 laudabiliter
1284 2931 1564 2987 insudavit
1609 2938 1668 2987 et
1712 2938 1992 3002 postremo
2037 2932 2096 2986 in
2144 2933 2375 2988 diversis
2425 2931 2784 2988 conventibus
2829 2932 2987 3002 regni

598 3018 856 3074 Boemiae
891 3025 948 3076 et
983 3020 1295 3089 specialiter
1325 3021 1384 3075 in
1421 3026 1691 3076 conventu
1728 3036 1827 3076 suo
1862 3020 2126 3090 Pragensi
2161 3019 2390 3075 eandem
2436 3020 2693 3090 paginam
2727 3018 2880 3088 legit,
2927 3018 2984 3072 in

559 3097 564 3103 ’
598 3105 1062 3178 disputationibus
1099 3113 1155 3164 et
1188 3107 1531 3164 sermonibus
1568 3107 1827 3164 continuo
1861 3107 2195 3163 laborando“
2260 3107 2463 3176 (Rotul.
2507 3106 2722 3162 Denifle
2755 3106 2802 3161 I.
2838 3109 2984 3175 590).

602 3194 990 3262 „Examinetur
1011 3210 1111 3266 per
1134 3194 1281 3250 arch.
1316 3194 1581 3250 Ravenat.
1607 3201 1664 3248 et
1687 3194 1735 3249 si
1760 3192 2051 3265 sufficiens,
2075 3194 2387 3249 licentiatur
2417 3210 2516 3265 per
2538 3193 2801 3250 eundem“
2836 3193 2986 3263 (Ib.),

593 3283 661 3337 A.
697 3287 832 3337 1365
867 3297 979 3337 una
1013 3297 1136 3336 cum
1170 3287 1344 3336 matre
1381 3296 1483 3337 sua
1517 3279 1658 3336 Elza
1695 3280 1941 3336 vendidit
1977 3282 2214 3352 domum,
2252 3282 2412 3338 sitam
2459 3282 2517 3335 in
2563 3281 2698 3350 Maj,
2747 3280 2984 3337 civitate

597 3384 768 3441 prope
804 3369 1016 3425 valvam
1051 3371 1103 3424 S.
1137 3369 1420 3424 Benedicti
1453 3369 1697 3423 Mathiae
1733 3369 1939 3424 Melzer
1975 3369 2241 3440 (Tomek).
2285 3374 2467 3434 „1351.
2506 3367 2815 3439 Capitulum
2851 3386 2976 3440 pro-

596 3457 825 3512 vinciale
857 3457 916 3510 in
951 3457 1108 3512 Nova
1141 3457 1334 3526 Domo,
1369 3456 1427 3509 in
1462 3455 1603 3512 festo
1641 3457 1692 3511 S.
1728 3455 2022 3526 Francisci,
2058 3457 2237 3511 tenuit
2262 3455 2430 3511 frater
2450 3455 2710 3511 Albertus
2737 3457 2791 3512 S.
2826 3456 2981 3512 theo-

593 3542 771 3614 logiae
788 3545 998 3614 doctor,
1021 3544 1090 3599 de
1115 3544 1373 3600 mandato
1394 3542 1581 3600 fratris
1604 3543 1885 3600 Francisci
1906 3544 2163 3614 Ministri‚
2190 3544 2277 3600 sui
2299 3542 2583 3598 avunculi“
2612 3543 2769 3611 (Ben.
2800 3544 2981 3614 Min.).

801 3684 1131 3754 Magistri
1190 3683 1637 3741 decretorum
1694 3685 1750 3754 (i.
1810 3701 1857 3742 e.
1887 3705 1896 3711 ·
1924 3685 2110 3755 juris
2164 3683 2534 3756 canonici).
2611 3684 2745 3750 „Jus
2792 3690 2981 3739 autem

595 3772 918 3829 canonicum
952 3773 1085 3841 legit
1117 3771 1309 3828 doctor
1344 3771 1684 3830 decretorum
1726 3772 1794 3829 de
1828 3773 2083 3829 Bononia
2128 3776 2386 3829 vocatus“
2440 3771 2657 3841 (Franc.
2692 3771 2862 3842 Chr.).
2912 3803 2981 3814 —

599 3861 822 3926 „Suavis
855 3867 985 3916 tuae
1018 3859 1198 3916 famae
1231 3860 1601 3931 virtutumque
1637 3867 1694 3915 et
1727 3860 2077 3918 scientiarum
2111 3859 2247 3916 odor
2291 3860 2344 3916 S.
2378 3860 2447 3916 N.
2482 3858 2708 3929 afflavit,
2754 3859 2852 3929 qui
2888 3874 2979 3915 ca-

593 3965 796 4005 nonum
832 3954 1077 4005 armatus
1111 3948 1327 4018 peritia,
1376 3949 1683 4003 kathedrae
1718 3946 1879 4018 digne
1913 3945 2253 4018 praesidens,
2300 3946 2636 4003 audientium
2681 3945 2979 4002 ruditatem

594 4037 780 4093 erudis
819 4044 874 4093 et
913 4037 1221 4092 ariditatem
1270 4053 1457 4092 eorum
1506 4035 1788 4091 doctrinae
1834 4034 2133 4091 foecundas
2185 4034 2389 4104 irriguo
2442 4034 2611 4106 fonte,
2660 4039 2977 4089 sanctorum

593 4142 861 4181 canonum
893 4124 1205 4195 aenigmata
1237 4123 1549 4180 reserando⁸
1583 4124 1667 4178 Tu
1702 4122 1936 4194 denique
1972 4121 2173 4177 nedum
2207 4122 2268 4176 in
2301 4121 2464 4177 vinea
2484 4121 2705 4177 Domini
2741 4120 2978 4176 fideliter

590 4214 862 4282 laborare,
911 4212 1010 4269 sed
1056 4211 1455 4283 quodammodo
1509 4212 1724 4266 vineam
1771 4210 1966 4266 diceris
2017 4210 2323 4266 Bononiam
2373 4209 2578 4264 dudum
2621 4214 2735 4264 tam
2784 4210 2973 4264 suavis

589 4301 800 4356 fructus
835 4301 1085 4358 ubertate
1117 4302 1386 4372 reficiens,
1421 4315 1568 4355 nunc
1591 4306 1772 4354 autem
1796 4298 2040 4353 Paduam
2073 4297 2365 4367 irradians,
2398 4304 2611 4354 remota
2644 4297 2789 4352 vasti
2821 4297 2973 4352 orbis

592 4391 810 4445 climata
846 4391 1107 4446 scientiae
1140 4397 1270 4446 tuae
1304 4387 1474 4446 radiis
1508 4388 1835 4444 illustrare.“
1888 4387 2087 4457 (Form.
2123 4387 2228 4445 litt.
2266 4386 2448 4442 Caroli
2481 4385 2575 4440 IV.
2613 4383 2969 4440 Gelnhausen
