3225 5017
388 329 452 400 (inp.
470 329 504 382 V.
521 326 736 382 Metallifodinao
755 332 783 380 et
800 328 903 391 urbnra
919 328 1003 407 regio.
1241 337 1291 385 167

97 527 155 590 lati
171 545 200 590 a
225 526 344 591 hledati
375 525 469 608 podle
498 523 628 608 obyteje
655 525 830 590 kralovstvl
860 522 1005 605 ieslrehn
1029 527 1094 601 ¹beu
1123 527 1292 608 pohorlenl

97 633 218 714 urbury
239 633 252 695 i
270 631 379 715 jinycln
397 631 498 714 jinym
519 635 606 712 prov.
1076 698 1078 701 ,
1238 701 1241 704 ,

203 744 276 813 (Ray.
294 747 355 810 zap.
372 741 450 797 Arcb.
469 745 506 797 ΙΙ.
525 747 586 796 474.
607 745 658 797 Tea
676 744 721 796 liat
738 743 845 796 ulccizalc'
862 745 988 796 maraci
1004 746 1090 808 douc
1106 744 1216 812 Prabp.)

649 905 774 912 ...ἢ-.-

202 1023 342 1089 Karolus
365 1073 373 1088 .
398 1074 406 1088 .
431 1073 438 1088 .
462 1025 489 1088 .“
524 1022 636 1088 damus
667 1041 773 1086 aream
802 1022 974 1086 molendini
996 1040 1072 1104 prce
1094 1024 1193 1088 muris
1217 1023 1294 1087 civi-

95 1131 174 1194 tatis
195 1128 391 1196 Cadanensis
413 1127 537 1192 dilectis
552 1126 643 1191 nobis
660 1125 829 1191 Anastasio
845 1126 885 1190 de
900 1126 1061 1192 Florentia
1075 1146 1132 1210 per
1153 1127 1293 1192 medium

96 1240 127 1299 et
156 1229 199 1298 H.
234 1236 267 1301 et
287 1227 328 1296 C.
358 1231 509 1297 fratribus
543 1231 679 1314 (civibus
709 1227 971 1311 Chuttnensibus)
1001 1249 1058 1312 per
1087 1232 1225 1297 medium
1260 1233 1293 1296 in

97 1338 279 1404 subsidium
302 1335 439 1420 speciale
454 1325 621 1401 insistendi
636 1339 805 1417 propterea
821 1354 858 1400 eo
878 1324 1061 1416 diligentius
1077 1323 1295 1402 montanorum

97 1448 128 1508 et
151 1443 312 1508 minarum
334 1442 592 1524 inquisitionibus
615 1444 648 1506 et
670 1441 811 1505 culturis.

206 1552 325 1623 (Summa
344 1553 422 1607 Gerb.
443 1555 495 1620 72.)

207 1675 472 1797 1356.Bu11ac
504 1729 667 1794 Aureae
702 1726 844 1793 Caroli
866 1727 920 1792 IV.
952 1727 1049 1810 Imp„
1077 1734 1200 1811 caput
1221 1729 1295 1795 IX.:

205 1836 262 1901 De
284 1835 384 1915 auri,
408 1834 573 1916 argenti
597 1837 636 1899 et
658 1833 835 1898 aliarum
854 1833 1087 1914 specierum
1108 1834 1293 1900 mineris.

97 1939 266 2004 Praesenti
282 1939 505 2004 constitutione
519 1939 553 2002 in
567 1942 755 2022 perpetuum
770 1937 908 2003 valitura
923 1936 1091 2004 statuimus
1102 1957 1140 2003 ac
1155 1939 1297 2005 decerta

98 2043 236 2108 scientia
251 2041 458 2124 declaramus,
478 2041 563 2126 quod
578 2060 777 2108 successores
792 2041 911 2120 Nostri,
928 2035 1100 2107 Bohemiae
1113 2061 1215 2125 reges,
1237 2062 1296 2109 nec

98 2166 160 2212 nou
192 2147 334 2212 universi
357 2151 390 2236 et
412 2146 528 2230 singuli
557 2146 716 2228 principes
738 2145 912 2224 Electores
943 2146 1149 2212 ecclesiastici
1175 2151 1209 2213 et
1227 2166 1296 2214 sae-

99 2253 236 2332 culares,
267 2252 321 2334 qui
347 2254 501 2334 perpetuo
522 2248 649 2331 fuerint,
680 2252 844 2315 universas
875 2250 944 2314 auri
971 2254 1005 2315 et
1026 2250 1148 2332 argenti
1170 2237 1294 2318 fodinas

98 2361 200 2439 atque
221 2355 357 2421 mineras
377 2356 490 2436 stanni,
514 2355 612 2438 cupri,
635 2354 720 2435 feni,
742 2354 864 2437 plumbi
887 2357 921 2419 et
934 2354 1065 2420 alterius
1081 2350 1296 2442 cujuscunque

98 2461 228 2542 generis
249 2461 378 2541 metalli,
409 2479 447 2525 ac
470 2453 565 2526 etiam
589 2459 674 2540 solie,
704 2464 770 2524 tam
795 2460 941 2524 inventas
964 2479 1058 2542 quam
1080 2460 1294 2541 inveniendas,

99 2566 130 2629 in
149 2568 315 2648 posterum
341 2557 582 2647 quibuscunque
596 2563 791 2644 temporibus
813 2564 846 2628 in
861 2582 957 2645 regno
973 2565 1134 2646 praedicto
1150 2584 1188 2630 ac
1201 2566 1296 2631 terris

35 2679 37 2684 ’
99 2674 131 2734 et
153 2669 356 2752 pertinentiis
379 2668 482 2733 eidem
504 2685 600 2748 regno
623 2667 784 2751 subjectis
806 2685 928 2733 necnon
943 2669 1117 2752 supradicti
1131 2670 1295 2753 principes

36 2801 37 2804 ¹
99 2775 130 2838 in
153 2771 395 2856 principatibus,
418 2772 522 2852 terris,
545 2771 692 2837 dominiis
716 2791 753 2836 ac
776 2773 976 2854 pertinentiis
998 2774 1065 2840 suis
1080 2778 1190 2840 tencre
1207 2775 1294 2859 juste

99 2880 236 2959 possunt
257 2880 290 2941 et
310 2877 451 2959 legitime
466 2877 640 2959 possidere,
664 2895 735 2942 cum
751 2878 895 2942 omnibus
907 2878 1042 2961 juribus,
1065 2879 1150 2944 nullo
1165 2897 1295 2962 prorsus

100 2985 244 3065 excepto,
273 2986 368 3064 prout
388 2986 522 3064 possunt
543 3001 599 3047 seu
622 2986 854 3048 consueveumt
874 2983 953 3049 talia
973 2982 1151 3066 possideri3
1173 3004 1294 3050 necnon

35 3105 36 3112 ¹
101 3085 245 3152 ludaeos
274 3086 392 3152 habere
422 3089 454 3150 et
489 3086 656 3152 theolonea
686 3105 706 3152 a
733 3086 905 3170 praeterite
938 3087 1085 3154 instituta
1114 3093 1146 3154 et
1177 3090 1297 3155 indicta

102 3191 269 3272 percipere
303 3194 336 3255 et
373 3208 456 3256 nova
491 3191 720 3257 rationabiliter
749 3192 916 3257 instituere
952 3211 1061 3275 possev
1080 3197 1113 3258 et
1141 3195 1295 3276 potuisse,

105 3295 253 3376 quodque
282 3295 498 3376 progenitores
524 3295 643 3377 Nostri,
673 3315 765 3379 reges
787 3295 959 3364 Bohemiae
989 3298 1092 3363 felicis
1116 3299 1295 3380 memoriae,

104 3399 231 3482 ipsique
263 3400 422 3482 principes
455 3399 618 3466 Electores
652 3420 689 3468 ac
721 3401 923 3484 progenitore
956 3407 989 3469 et
1019 3402 1297 3485 praedecessoress

106 3521 224 3584 eorum,
253 3503 395 3584 legitime
423 3505 584 3585 potuerint
605 3506 760 3586 usquein
782 3525 950 3588 praesens3
981 3508 1065 3574 sicut
1086 3507 1145 3572 hoc
1167 3509 1297 3592 antiqua

106 3607 257 3674 laudabili
289 3612 321 3673 et
350 3608 523 3690 approbata
553 3609 789 3691 consuetudine,
819 3611 1024 3696 diuturnique
1054 3631 1092 3677 ac
1122 3611 1296 3692 longissimi

108 3713 257 3795 temporis
280 3730 374 3778 cursu
396 3713 593 3795 praescripta
613 3715 754 3779 noscitur
776 3715 986 3780 observatum.
1089 3728 1091 3735 '

210 3814 262 3881 (Of.
282 3814 397 3870 Schmidt
414 3816 508 3884 Bcrqq.
527 3817 548 3869 Ι.
569 3817 603 3884 7.)

685 3989 718 4054 Τ.

584 4109 712 4175 Urbura
734 4113 832 4197 rapio.
891 4182 893 4185 v
946 4176 949 4181 ,

215 4283 242 4349 1.
266 4282 331 4376 Nos
363 4283 547 4368 Obscurus)
570 4287 678 4351 notum
701 4284 844 4367 facimus,
873 4287 986 4369 quod.
1011 4337 1018 4353 .
1044 4339 1051 4354 .
1076 4293 1109 4353 et
1130 4339 1137 4354 .
1162 4338 1169 4352 .
1194 4338 1200 4353 .
1226 4337 1233 4352 .
1257 4288 1298 4352 de

114 4435 121 4450 .
144 4435 151 4452 .
175 4438 182 4454 .
205 4390 353 4477 urboram
375 4387 675 4470 argentifodinarum
697 4392 762 4454 tam
784 4409 842 4470 per
857 4389 1019 4456 Boemiam
1042 4412 1134 4474 quam
1158 4411 1215 4473 per
1229 4392 1298 4456 Mo-
