3225 5017
197 239 199 246 ,
308 279 357 327 150
596 271 661 342 Cap.
679 271 711 326 V.
730 270 944 339 Metallifodinae
962 277 989 325 et
1006 271 1108 325 urbura
1125 271 1207 339 regia.

410 463 502 530 1321.
529 464 577 530 18.
600 463 675 530 dun.
724 463 864 530 ioannes
885 483 1006 530 1111·-
1028 465 1121 548 quod,
1151 466 1227 548 quia
1255 462 1358 530 fidelis
1381 463 1495 529 Noster

305 568 463 637 Henricus
478 568 527 639 ,de
549 568 639 652 Lipo,
671 587 812 635 summus
842 570 1056 636 marschalcus
1087 570 1176 652 regni
1199 569 1308 635 Nostri
1337 569 1492 647 Boemiae,

250 658 252 666 ’
306 692 344 739 ac
373 673 422 738 sui
452 673 669 756 progenitores
700 675 769 740 sive
797 675 1059 756 praedecessores
1096 693 1168 739 cum
1204 674 1345 756 ipsorum
1376 672 1493 738 civibus

219 819 220 824 κ
305 781 339 842 et
360 776 540 843 hominibus
563 783 711 845 montana
726 780 760 844 in
778 779 1027 861 ,Mittelberch,“
1054 779 1115 845 sita
1131 779 1214 844 circa
1230 779 1392 844 civitatem
1405 777 1494 841 Bro

306 881 472 948 densam
502 881 746 964 Teotunicalem,
780 904 800 949 1
829 885 937 950 multis
968 884 1164 966 temporibus
1193 885 1399 950 excoluerunt
1426 901 1496 946 curn

306 987 429 1073 magnis
458 988 601 1071 ipsorum
631 989 809 1073 sumptibus
839 994 936 1072 atque
957 989 1089 1071 damnis,
1117 990 1164 1054 sic
1187 989 1271 1072 quod
1293 989 1363 1070 ipsa
1386 987 1497 1051 ciuitas

31 1103 87 1202 ς’
201 1151 203 1158 ,
307 1091 340 1154 in
361 1092 452 1158 bonis
476 1098 509 1158 et
530 1093 709 1166 hominibus
733 1095 825 1177 quasi
848 1094 1010 1160 destructa
1031 1095 1159 1159 videtur
1182 1145 1188 1159 .
1214 1144 1252 1159 ..

410 1196 494 1266 (Orip.
512 1216 533 1250 c.
550 1216 573 1250 r.
591 1197 700 1251 Archioi
717 1199 798 1251 aulici
822 1198 1031 1252 Vindobocensc's.
1050 1197 1186 1266 Stembcrp
1209 1197 1270 1249 Urio.
1289 1199 1343 1265 63.)

413 1354 505 1420 1351.
531 1355 580 1420 13.
604 1355 681 1420 Dec.
705 1354 771 1420 Nos
795 1354 921 1420 Ozenko
944 1346 984 1419 de
998 1355 1110 1437 Lypa.
1135 1406 1141 1420 .
1167 1405 1174 1418 .
1198 1354 1305 1437 quod.
1329 1404 1337 1418 .
1363 1403 1370 1416 .
1393 1352 1499 1417 Thun-

310 1459 393 1525 linus
417 1459 495 1526 civis
518 1464 626 1525 noster
648 1459 786 1525 civitatis
804 1459 929 1525 Bredas
944 1458 1204 1524 Tbeutunicalis
1230 1510 1237 1524 .
1261 1509 1268 1524 .
1293 1458 1385 1523 villas
1398 1456 1500 1538 ipsius

309 1564 452 1646 Slapaus,
484 1561 656 1629 Ottendori
666 1563 689 1646 ¹)
720 1563 995 1645 Schutzendori,²)
1024 1561 1217 1646 1111111113)
1239 1561 1414 1644 Jegerdori,
1436 1561 1502 1644 Ny-

308 1668 471 1734 mansdori
492 1687 528 1734 ac
551 1669 654 1734 Derr.
680 1719 686 1734 .
712 1719 719 1734 .
744 1687 824 1753 quas
846 1669 916 1751 ipse
939 1667 1114 1733 Thunlinus
1136 1688 1156 1733 a
1177 1668 1294 1733 nostris
1316 1667 1505 1749 praedeces-

309 1773 433 1839 soribus
455 1779 488 1840 et
509 1794 529 1839 1
550 1773 641 1839 nobis
663 1792 720 1856 pro
743 1774 808 1838 260
830 1792 894 1838 sex.
919 1793 1017 1856 gross.
1038 1774 1111 1856 juro
1134 1772 1326 1838 hereditario
1347 1775 1503 1851 emerunt,

309 1879 472 1973 nobiscum
495 1898 551 1963 pro
574 1879 665 1945 bonis
688 1882 720 1944 et
742 1879 827 1943 villis
850 1877 1047 1961 subscriptis,
1067 1878 1134 1943 sid.
1159 1877 1305 1962 Koyatin,
1328 1875 1448 1961 Kynon
1470 1881 1507 1948 ct

312 1981 482 2050 Hrzebnitz
513 2021 555 2031 -
581 1985 786 2050 commutavit
817 2034 823 2048 .
849 2033 887 2048 ..
920 1984 1056 2049 exclusis
1085 1987 1191 2048 tamen
1220 1982 1377 2047 montanis
1406 1985 1506 2063 atque

310 2088 439 2154 mineris
462 2089 678 2172 cujuscunque
699 2088 830 2169 metalli,
861 2089 889 2154 si
918 2107 1000 2171 quae
1021 2089 1083 2154 Dei
1112 2088 1272 2153 mediante
1294 2086 1447 2170 adjutoris
1468 2086 1506 2150 in

310 2193 395 2259 villis
418 2197 451 2258 et
471 2194 563 2260 bonis
593 2193 713 2260 eisdem
743 2193 932 2259 succedente
962 2198 1104 2276 tempore
1135 2196 1280 2276 repertae
1301 2195 1335 2257 ot
1355 2191 1505 2256 inventae

311 2297 437 2378 fuerint,
460 2316 593 2380 quorum
617 2317 813 2382 quarumque
835 2299 1005 2364 utilitatem
1021 2303 1053 2364 et
1071 2302 1242 2382 proventus
1264 2296 1364 2376 nobis
1387 2297 1507 2369 nostris

312 2401 482 2468 heredibus
513 2407 546 2468 et
568 2403 803 2469 successoribus
826 2403 858 2468 in
887 2407 977 2485 parte
999 2402 1118 2483 media,
1147 2402 1273 2484 ipsique
1294 2400 1448 2465 Thunliuo
1471 2407 1509 2465 et

313 2508 380 2572 suis
410 2506 580 2574 heredibus
611 2510 643 2573 et
672 2508 909 2574 successoribus
939 2512 1062 2589 partem
1091 2507 1238 2585 mediam,
1268 2493 1510 2589 percipiendum

314 2611 452 2677 densari
475 2617 533 2678 etc.

419 2718 438 2784 1)
456 2713 606 2770 Uttenuorf
621 2721 679 2768 nor.
700 2718 720 2782 2)
740 2713 940 2770 senoczenoorr
954 2674 1013 2769 ooo.
1033 2718 1054 2783 ³)
1073 2715 1202 2768 oaorem
1221 2719 1296 2768 raoo.
1362 2718 1368 2730 ⁸

419 2802 501 2872 (Orip.
521 2804 592 2855 arob.
611 2803 679 2856 civit.
702 2802 918 2858 Teutobrodcoac.
938 2803 1074 2872 Steroberq
1097 2802 1158 2855 Ura.
1178 2803 1230 2869 66.)

891 2961 926 3026 L.

539 3079 809 3168 Arpeotifodc'ooe
830 3080 1000 3146 Austcoses
1021 3105 1117 3169 super
1138 3081 1285 3150 11111111.

422 3234 514 3304 1272.
540 3236 696 3304 Otooerus
719 3259 775 3305 rex
797 3242 858 3287 —“
883 3245 1105 3324 protestamur,
1130 3241 1213 3323 quod
1236 3259 1308 3305 cum
1327 3241 1412 3305 cives
1425 3240 1511 3322 Igle-

318 3343 443 3408 vienses
466 3341 565 3407 Nobis
587 3362 644 3425 pro
668 3364 705 3409 eo
729 3345 820 3410 suani
849 3348 1049 3412 contulerunt
1076 3345 1252 3428 pecuniam,
1282 3344 1366 3426 quod
1388 3344 1513 3408 eisdem

317 3447 459 3512 consone
481 3446 705 3529 seiphenlehen
719 3449 752 3513 in
767 3449 831 3516 Aw
841 3451 886 3515 sk
908 3451 1078 3533 gratiosius
1094 3451 1291 3530 deberemus,
1314 3447 1381 3513 Nos
1397 3433 1513 3513 eadem

314 3551 388 3633 jura
411 3551 443 3615 in
458 3551 625 3632 montibus
650 3573 731 3636 quae
753 3555 786 3619 in
800 3552 920 3621 Awsk
941 3561 1015 3620 sunt
1036 3556 1155 3621 inventi
1179 3559 1211 3619 et
1233 3555 1287 3636 qui
1309 3553 1413 3619 adhuc
1427 3553 1514 3617 inter

271 3736 280 3760 ι
317 3654 512 3821 1111111111
535 3660 568 3721 et
588 3655 777 3724 Awskenses
799 3660 919 3725 inventi
940 3661 1066 3742 fuerint,
1090 3660 1211 3725 eisdem
1233 3659 1379 3724 duximus
1405 3657 1512 3724 confe-

321 3776 377 3823 ren
400 3777 427 3823 1.

318 3948 344 4000 R
370 3949 386 4001 ᾗ
422 3862 546 3932 (011111
564 3866 669 3920 archivo
683 3867 831 3936 Iylaoc'eosc'.
851 3868 987 3939 Stmcberp
1009 3869 1175 3924 11111.-
1189 3869 1352 3932 Tomascbek,
1369 3865 1513 3922 Dcutscbes

344 3966 370 4002 cc
388 3956 401 4002 t
412 3965 442 4016 p.
461 3953 533 4020 3273)
755 3959 757 3962 ·

426 4108 518 4175 1345.
542 4109 593 4178 22.
617 4111 698 4195 Aug.
732 4113 798 4178 Nos
820 4112 957 4179 Karolus
979 4116 1039 4162 —“
1065 4115 1150 4199 quod
1176 4133 1248 4180 cum
1270 4116 1425 4200 princeps,
1455 4112 1515 4182 do·

320 4211 423 4277 minus
440 4211 631 4297 Otbakarus,
654 4218 812 4300 quondam
826 4237 882 4284 rex
897 4219 1056 4301 Boemiae,
1080 4220 1283 4286 considerans
1298 4213 1379 4287 alias
1394 4223 1514 4288 civium

319 4315 546 4396 Iglauiensium
566 4321 600 4385 in
622 4321 672 4386 bis
695 4341 776 4404 quae
799 4327 916 4388 statum
937 4342 1124 4407 prosperum
1151 4328 1184 4391 et
1205 4327 1402 4393 commodum
1423 4345 1514 4392 mon-
